=LDR  06461cas a22012977  4500
=001  012248892
=003  Uk
=005  20230210005940.0
=007  ta
=008  800110d19712008enkwr\n\\\\\\\0\\\a0eng\\
=022  0\$a0049-3929$202
=040  \\$aUk$cUk$dUk
=082  04$a378.42$222
=245  04$aThe Times higher education supplement. (1971)-number 1876(2008). [LSR].
=246  13$aTHES
=246  30$aHigher (London)
=246  1\$iMinor title change:$aTimes higher education :$bTHE,$fno. 1,827 (10-16 Jan. 2008)-
=246  30$aTHE
=246  30$aTimes higher
=260  \\$aLondon :$bTimes Newspapers
=260  3\$aLondon :$bTSL Education
=300  \\$av. :$bill. (some col.), ports. (some col.) ;$c30-43 cm.
=310  \\$aWeekly
=336  \\$atext$2rdacontent
=337  \\$aunmediated$2rdamedia
=338  \\$avolume$2rdacarrier
=500  \\$aLatest issue consulted: No. 1,828 (17-23 Jan. 2008).
=540  \\$aCurrent Copyright Fee: GBP25.00$c0$5Uk
=595  \\$aCONTD AS 4307.369757 NO. 979, 1991- FORMERLY 4307.369757 UP TO ISS. 1022, 1992 SEE ALSO SERIAL RECORDS EYE DFE SCE DOE/DT AND CARD INDEX.
=650  \0$aEducation, Higher$zGreat Britain$vPeriodicals.
=651  0\$aLondon (England)$vNewspapers.
=752  \\$aEngland$dLondon.$2blnpn
=852  41$aBritish Library$bSTI$3(1999)-(2002)
=852  49$aBritish Library$bDSC$j8853.700000$3Number 1(1971)-no. 978, (1991); no. 1023(1992)-no. 1876(2008)
=945  \\$aTIMES HIGHER EDUCATION SUPPLEMENT.
=959  \\$fCurrently received
=963  \\$a1971- *A=1$bY$cNPR.C.310
=985  \\$aDQ DO NOT MERGE - LARGE SERIAL RECORD
=ACF  \\$aPrevious Copyright Fee: GBP12.00$c0$e01-apr-2012$fGBP12.00$g0$hC$5Uk
=ACF  \\$aPrevious Copyright Fee: GBP12.00$c0$e01-jan-2012$fGBP12.00$g0$hC$5Uk
=ACF  \\$aPrevious Copyright Fee: GBP10.50$c0$e01-oct-2011$fGBP10.50$g0$hC$5Uk
=ACF  \\$aPrevious Copyright Fee: GBP10.50$c0$e01-jul-2011$fGBP10.50$g0$hC$5Uk
=ACF  \\$aPrevious Copyright Fee: GBP10.50$c0$e01-apr-2011$fGBP10.50$g0$hC$5Uk
=ACF  \\$aPrevious Copyright Fee: GBP10.50$c0$e01-jan-2011$fGBP10.50$g0$hC$5Uk
=ACF  \\$aPrevious Copyright Fee: GBP9.00$c0$e01-oct-2010$fGBP9.00$g0$hC$5Uk
=ACF  \\$aPrevious Copyright Fee: GBP9.00$c0$e01-jul-2010$fGBP9.00$g0$hC$5Uk
=ACF  \\$aPrevious Copyright Fee: GBP9.00$c0$e01-Jan-2010$fGBP9.00$g0$hC$5Uk
=ACF  \\$aPrevious Copyright Fee: GBP6.00$c0$e01-oct-2009$fGBP6.00$g0$hC$5Uk
=ACF  \\$aPrevious Copyright Fee: GBP6.00$c0$e01-jul-2009$fGBP6.00$g0$hC$5Uk
=ACF  \\$aPrevious Copyright Fee: GBP6.00$c0$e01-apr-2009$fGBP6.00$g0$hC$5Uk
=ACF  \\$aPrevious Copyright Fee: GBP6.00$c0$e01-jan-2009$fGBP6.00$g0$hC$5Uk
=ACF  \\$aBritish Library not licensed to copy$c0$e01-oct-2008$hC$iCLA Excluded$5Uk
=ACF  \\$aPrevious Copyright Fee: GBP6.00$c0$e01-jul-2008$fGBP6.00$g0$hC$5Uk
=ACF  \\$aPrevious Copyright Fee: GBP6.00$c0$e01-apr-2008$fGBP6.00$g0$hC$5Uk
=ACF  \\$aPrevious Copyright Fee: GBP6.00$c0$e01-jan-2008$fGBP6.00$g0$hC$5Uk
=ACF  \\$aPrevious Copyright Fee: GBP5.00$c0$e01-oct-2007$fGBP5.00$g0$hC$5Uk
=ACF  \\$aPrevious Copyright Fee: GBP5.00$c0$e01-jul-2007$fGBP5.00$g0$hC$5Uk
=ACF  \\$aPrevious Copyright Fee: GBP5.00$c0$e01-apr-2007$fGBP5.00$g0$hC$5Uk
=ACF  \\$aPrevious Copyright Fee: GBP5.00$c0$e01-jan-2007$fGBP5.00$g0$hC$5Uk
=ACF  \\$aPrevious Copyright Fee: GBP5.00$c0$e01-oct-2006$fGBP5.00$g0$hC$5Uk
=ACF  \\$aPrevious Copyright Fee: GBP5.00$c0$e01-jul-2006$fGBP5.00$g0$hC$5Uk
=ACF  \\$aPrevious Copyright Fee: GBP5.00$c0$e01-apr-2006$fGBP5.00$g0$hC$5Uk
=ACF  \\$aPrevious Copyright Fee: GBP5.00$c0$e01-jan-2006$fGBP5.00$g0$hC$5Uk
=ACF  \\$aPrevious Copyright Fee: GBP5.00$c0$e01-oct-2005$fGBP5.00$g0$hC$5Uk
=ACF  \\$aPrevious Copyright Fee: GBP5.00$c0$e01-jul-2005$fGBP5.00$g0$hC$5Uk
=ACF  \\$aPrevious Copyright Fee: GBP5.00$c0$e01-apr-2005$fGBP5.00$g0$hC$5Uk
=ACF  \\$aPrevious Copyright Fee: GBP5.00$c0$e01-jan-2005$fGBP5.00$g0$hC$5Uk
=ACF  \\$aPrevious Copyright Fee: GBP5.00$c0$e01-oct-2004$fGBP5.00$g0$hC$5Uk
=ACF  \\$aPrevious copyright fee: GBP5.00$c0$e13-sep-2002$fGBP5.00$g0$hC$5Uk
=ACF  \\$aBritish Library not licensed to copy$c0$e29-may-2002$g0$hC$iCLA-excluded$5Uk
=ACF  \\$aCurrent copyright fee: GBP5.00$c0$e24-may-2002$fGBP5.00$g0$hC$5Uk
=ACF  \\$aPrevious Copyright Fee: GBP12.00$c0$e01-jul-2012$fGBP12.00$g0$hC$5Uk
=ACF  \\$aPrevious Copyright Fee: GBP12.00$c0$e01-oct-2012$fGBP12.00$g0$hC$5Uk
=ACF  \\$aBritish Library not licensed to copy$c0$e01-jul-2014$hC$iCFP Excluded$5Uk
=ACF  \\$aPrevious Copyright Fee: GBP22.50$c0$e01-jan-2022$fGBP22.50$g0$hC$5Uk
=CAT  \\$aCONV$b00$c20040425$lBLL90$h0524
=CAT  \\$aIPL-CLA$c20110630$lBLL01$h1539
=CAT  \\$aADD-NID$b00$c20110805$lBLL01$h1425
=CAT  \\$aBATCH-CLA$b00$c20110831$lBLL01$h1807
=CAT  \\$aIPL-CLA$c20110930$lBLL01$h1542
=CAT  \\$aBATCH-CLA$b00$c20111130$lBLL01$h1219
=CAT  \\$aIPL-CLA$c20111230$lBLL01$h1957
=CAT  \\$aBATCH-CLA$b00$c20120229$lBLL01$h1633
=CAT  \\$aIPL-CLA$c20120330$lBLL01$h1429
=CAT  \\$aBATCH-CLA$b00$c20120531$lBLL01$h1722
=CAT  \\$aIPL-CLA$c20120629$lBLL01$h1028
=CAT  \\$aBATCH-CLA$b00$c20120831$lBLL01$h1548
=CAT  \\$aIPL-CLA$c20120930$lBLL01$h2110
=CAT  \\$aBATCH-UPD$b00$c20121030$lBLL01$h1027
=CAT  \\$aBATCH-CLA$b00$c20121109$lBLL01$h1740
=CAT  \\$aWR13.005$c20130323$lBLL01$h1349
=CAT  \\$c20130924$lBLL01$h1341
=CAT  \\$aNPL-LOCK$b77$c20140207$lBLL01$h2152
=CAT  \\$aNPL-UNLOCK$b00$c20140216$lBLL01$h0848
=CAT  \\$aBATCH-CLA$b00$c20140530$lBLL01$h1715
=CAT  \\$aIPL-CLA$c20140630$lBLL01$h1716
=CAT  \\$aWR14_140$c20140905$lBLL01$h1758
=CAT  \\$aBATCH-CLA$b00$c20211203$lBLL01$h0819
=CAT  \\$aIPL-CLA$c20211231$lBLL01$h1716
=CAT  \\$aBATCH-CLA$b00$c20221130$lBLL01$h1456
=CAT  \\$aIPL-CLA$c20221231$lBLL01$h2038
=CAT  \\$aBATCH-CLA$b00$c20230209$lBLL01$h1543
=CAT  \\$aIPL-CLA$c20230210$lBLL01$h0059
=CFI  0\$aCurrent Copyright Fee: GBP25.00$c0$e09-feb-2023$fGBP25.00$g0$hC$5Uk
=CFI  2\$aBritish Library not licensed to copy$c0$e01-jan-2023$hC$iCFP Excluded$5Uk
=EXP  \\$aX
=FMT  \\$a  SE
=LAS  \\$aIPL-CLA$b00$c20230210$lBLL01$h0059
=NID  \\$aNID0001451
=STA  \\$aSUPPRESSED$bLarge Serial Record
=TCO  \\$aCLA$bCLA$c008

