=LDR  01580 as a22004213  4500
=001  012441672
=003  Uk
=005  20190708111342.0
=008  040415c19999999gw\f|\m|\||||||\\\b0ger\\
=040  \\$aUk$beng$cUk
=245  00$aHerders theologischer Kommentar zum Alten Testament.
=260  \\$aFreiburg :$bHerder.
=300  \\$avolume ;$c25 cm
=336  \\$atext$2rdacontent
=337  \\$aunmediated$2rdamedia
=338  \\$avolume$2rdacarrier
=500  \\$aIncludes bibliographical references and index.
=630  00$aBible.$pOld Testament$vCommentaries.
=710  2\$aVerlag Herder.
=852  41$aBritish Library$bHMNTS$jZF.9.a.483 (...)$3SEE ISSUE SCREEN***Items received after 27/01/2021 shelved as monographs with individual shelfmarks
=852  41$aBritish Library$bHMNTS$3Items received after 27/01/2021 shelved as monographs with individual shelfmarks
=A02  \\$a3024394$z0
=CAT  \\$aCONV$b00$c20040425$lBLL90$h0713
=CAT  \\$aCONV$b00$c20040502$lBLL01$h1509
=CAT  \\$a8180$b40$c20050422$lBLL01$h0921
=CAT  \\$aBATCH$b00$c20091210$lBLL01$h2334
=CAT  \\$aBATCH$b00$c20091214$lBLL01$h0845
=CAT  \\$aBATCH$b00$c20091216$lBLL01$h0219
=CAT  \\$a9665$b40$c20110906$lBLL01$h1222
=CAT  \\$aW1711-1225$c20171203$lBLL01$h1019
=CAT  \\$a11837$b40$c20190708$lBLL01$h1112
=CAT  \\$a11837$b40$c20190708$lBLL01$h1113
=FMT  \\$a  SE
=LAS  \\$a11837$b40$c20190708$lBLL01$h1113
=MIS  \\$aSO
=SRC  \\$aDSS02$bbibh.200404.2.aa
=STA  \\$aSUPPRESSED$bunable to determine reason for suppression
=TCO  \\$aZZZ$c008

