=LDR  01584 as a22003853  4500
=001  012442929
=003  Uk
=005  20201127180419.0
=008  040415c\\\\9999gw\g|||||||||||||||0ger\\
=245  00$aDenkmaltopographie Bundesrepublik Deutschland.$pDenkmale in Berlin.
=260  \\$aPetersberg :$bImhof.
=336  \\$atext$2rdacontent
=337  \\$aunmediated$2rdamedia
=338  \\$avolume$2rdacarrier
=852  41$aBritish Library$bHMNTS$jZF.9.b.219(...)$3Number 1 (2001)-2001 NUMB 1***Items received after 27/01/2021 shelved as monographs with individual shelfmarks
=852  41$aBritish Library$bHMNTS$3Items received after 27/01/2021 shelved as monographs with individual shelfmarks
=883  0\$aLanguage codes assigned by Bayesian analysis of words present in record$d20201028$qUk$c0.9010
=985  \\$aUpgraded by BSS-generated file for WR2011-1472
=A02  \\$a3022547$z0
=CAT  \\$aCONV$b00$c20040425$lBLL90$h0713
=CAT  \\$aCONV$b00$c20040502$lBLL01$h1509
=CAT  \\$a9683$b40$c20050421$lBLL01$h1150
=CAT  \\$aBATCH$b00$c20091210$lBLL01$h2334
=CAT  \\$aBATCH$b00$c20091214$lBLL01$h0846
=CAT  \\$aBATCH$b00$c20091216$lBLL01$h0220
=CAT  \\$a9665$b40$c20110803$lBLL01$h1535
=CAT  \\$a9665$b40$c20111017$lBLL01$h1625
=CAT  \\$aW1711-1225$c20171203$lBLL01$h1020
=CAT  \\$aW2011-1472$b00$c20201127$lBLL01$h1804
=FMT  \\$a  SE
=LAS  \\$aW2011-1472$b00$c20201127$lBLL01$h1804
=MIS  \\$ak-sep
=SRC  \\$aDSS02$bbibh.200404.2.aa
=STA  \\$aSUPPRESSED$bunable to determine reason for suppression
=TCO  \\$aZZZ$c008

