=LDR  01630cas a22004813  4500
=001  012446874
=003  Uk
=005  20121127094231.0
=008  040416c19989999sz\uu|m|\||||\0|||a0eng\\
=022  \\$a1422-7746
=040  \\$aUk$cUk
=245  00$aProgress in inflammation research.
=260  \\$aBasel :$bSpringer,$c1998-
=336  \\$atext$2rdacontent
=337  \\$aunmediated$2rdamedia
=338  \\$avolume$2rdacarrier
=595  \\$aSEE BOOK CATALOGUE.
=852  41$aBritish Library$bSTI$3Volume 1 (1998)-Volume 46 (2005)
=852  41$aBritish Library$bDSC$j6868.521000
=886  2\$2blmarc$a959
=945  \\$aProgress in inflammation research
=A02  \\$a2575684$z41541
=CAT  \\$aCONV$b00$c20040425$lBLL90$h0713
=CAT  \\$aCONV$b00$c20040502$lBLL01$h1509
=CAT  \\$a8181$b40$c20040817$lBLL01$h0807
=CAT  \\$a8181$b40$c20040817$lBLL01$h0810
=CAT  \\$a9683$b40$c20050421$lBLL01$h1115
=CAT  \\$aBATCH$b00$c20091210$lBLL01$h2336
=CAT  \\$aBATCH$b00$c20091214$lBLL01$h0847
=CAT  \\$aBATCH$b00$c20091216$lBLL01$h0221
=CAT  \\$a9665$b40$c20111031$lBLL01$h1346
=CAT  \\$a9665$b40$c20121127$lBLL01$h0942
=CAT  \\$aWR13.005$c20130323$lBLL01$h1512
=CAT  \\$aW1711-1225$c20171203$lBLL01$h1020
=CFI  2\$aCurrent copyright fee: GBP4.40$c0$e16-dec-1998$fGBP4.40$g0$hA$5Uk
=FMT  \\$a  SE
=LAS  \\$aW1711-1225$b00$c20171203$lBLL01$h1020
=LEO  \\$aMP10.0000463478
=MIS  \\$ak-sep
=SRC  \\$aDSS01$bbibmp10.200404.2.aa
=SRC  \\$aDSS03$bbibsr.200404.2.aa
=STA  \\$aSUPPRESSED$bunable to determine reason for suppression
=TCO  \\$aZZZ$c008

