=LDR  01686 am a2200481 a 4500
=001  012920495
=003  Uk
=005  20040715124702.0
=008  040519s2004\\\\enka\\\\\s\\\\000\0\eng\\
=015  \\$aGBA441294$2bnb
=016  7\$a012920495$2Uk
=020  \\$cNo price (spiral)
=040  \\$aUk$beng$cUk
=042  \\$aukblsr
=082  04$a338.47791430941$222
=245  00$aCaviar film monitor (wave 58) :$bprepared for CAA /$cprepared by BMRB International Limited.
=260  \\$aLondon :$bBMRB International Limited,$c2004.
=300  \\$a210 p. ;$c30 cm.
=336  \\$atext$2rdacontent
=337  \\$aunmediated$2rdamedia
=338  \\$avolume$2rdacarrier
=500  \\$aResults of research using weekly Access Face-to-Face Omnibus survey
=500  \\$aPublisher's no. : BMRB/BG/45102058/G378 & G379
=650  \0$aMotion picture theaters$zGreat Britain$vStatistics.
=650  \0$aMarket surveys$zGreat Britain.
=710  2\$aBritish Market Research Bureau International.
=710  2\$aCaviar Consortium.
=852  41$aBritish Library$bHMNTS$jZK.9.b.31583
=852  41$aBritish Library$bHMNTS
=957  \\$tM/38528-09
=CAT  \\$a8980$b40$c20040519$lTMP01$h1451
=CAT  \\$a8980$b40$c20040519$lTMP01$h1452
=CAT  \\$a8980$b40$c20040519$lTMP01$h1500
=CAT  \\$aEXLIBRIS$c20040606$lBLL01$h1134
=CAT  \\$a9081$b40$c20040610$lBLL01$h0956
=CAT  \\$a9081$b40$c20040610$lBLL01$h1006
=CAT  \\$a9219$b40$c20040715$lBLL01$h1247
=CAT  \\$aWR12-140$c20121030$lBLL01$h1102
=CAT  \\$aWR16_021$c20160610$lBLL01$h1943
=FIN  \\$aY
=FMT  \\$a  BK
=LAS  \\$aWR16_021$b00$c20160610$lBLL01$h1943
=STA  \\$aSUPPRESSED$bBusiness Reserve: STM

