=LDR  01346cam a22003978  4500
=001  012937693
=003  Uk
=005  20070810150740.0
=008  040616s2004\\\\enka\\\a\\\\\\000\1\eng\\
=016  7\$a012937693$2Uk
=020  \\$a1405213817 (cased) :$c£4.99
=040  \\$aStDuBDS
=082  04$a823.92$222
=245  00$aPostman Pat action rhyme and sound book.
=260  \\$aLondon :$bEgmont,$c2004.
=263  \\$a200409
=300  \\$a10 p. :$bill. ;$c26 cm.
=336  \\$atext$2rdacontent
=337  \\$aunmediated$2rdamedia
=338  \\$avolume$2rdacarrier
=650  \0$aPostman Pat (Fictitious character)$vPictorial works$vJuvenile fiction.
=650  \0$aGreendale (Imaginary place)$vPictorial works$vJuvenile fiction.
=655  \0$aChildren's stories$vPictorial works.
=655  \0$aMusical books.
=852  41$aBritish Library$bHMNTS$jCLE.4/2002-
=852  \\$aBritish Library$bHMNTS
=CAT  \\$aBATCH$b00$c20040622$lBLL01$h1558
=CAT  \\$c20040622$lBLL01$h1559
=CAT  \\$c20040622$lBLL01$h1608
=CAT  \\$a6524$b40$c20070810$lBLL01$h1507
=CAT  \\$aWR16_021$c20160610$lBLL01$h1945
=CAT  \\$aW1711-1225$c20171203$lBLL01$h1020
=CAT  \\$aW2308-1659$c20230923$lBLL01$h0904
=FMT  \\$a  BK
=LAS  \\$aW2308-1659$b00$c20230923$lBLL01$h0904
=STA  \\$aSUPPRESSED$bunable to determine reason for suppression

