=LDR  01354cam a22004218  4500
=001  012937883
=003  Uk
=005  20090121145233.0
=008  040618s2004\\\\enka\\\a\\\\\\000\0\eng\\
=016  7\$a012937883$2Uk
=020  \\$a1844224198 (cased) :$c£6.99
=040  \\$aStDuBDS
=082  04$a398.8$222
=100  1\$aJoyce, Melanie.
=245  10$aLullaby baby /$cMelanie Joyce.
=260  \\$aLondon :$bLadybird,$c2004.
=263  \\$a200409
=300  \\$a[8] p. :$bill. ;$c16 cm. +$e1 audio CD.
=336  \\$atext$2rdacontent
=337  \\$aunmediated$2rdamedia
=338  \\$avolume$2rdacarrier
=500  \\$aBoard book.
=650  \0$aNursery rhymes, English.
=852  41$aBritish Library$bHMNTS$jCLE.5/2006-
=852  41$aBritish Library$bHMNTS$jEMC.2023.a.300
=852  \\$aBritish Library$bHMNTS
=CAT  \\$aBATCH$b00$c20040622$lBLL01$h1558
=CAT  \\$c20040622$lBLL01$h1559
=CAT  \\$c20040622$lBLL01$h1609
=CAT  \\$a8479$b40$c20090121$lBLL01$h1450
=CAT  \\$a8479$b40$c20090121$lBLL01$h1451
=CAT  \\$a8479$b40$c20090121$lBLL01$h1452
=CAT  \\$aWR16_021$c20160610$lBLL01$h1945
=CAT  \\$aW1711-1225$c20171203$lBLL01$h1020
=CAT  \\$aW2308-1659$c20230923$lBLL01$h0904
=FMT  \\$a  BK
=LAS  \\$aW2308-1659$b00$c20230923$lBLL01$h0904
=STA  \\$aSUPPRESSED$bunable to determine reason for suppression

