=LDR  01534cam a22004698  4500
=001  012946228
=003  Uk
=005  20061121152928.0
=008  040628s2004\\\\enka\\\a\\\\\\000\0\eng\\
=016  7\$a012946228$2Uk
=020  \\$a0746060106 (hbk.) :$c£7.99
=040  \\$aStDuBDS
=082  04$a595.7$222
=100  1\$aKahn, S.
=245  10$aCreepy crawlies /$cS. Kahn ; illustrated by Peter Scott.
=260  \\$aLondon :$bUsborne,$c2004.
=263  \\$a200408
=300  \\$a16 p. :$bill. ;$c25 cm.
=336  \\$atext$2rdacontent
=337  \\$aunmediated$2rdamedia
=338  \\$avolume$2rdacarrier
=490  0\$aAn Usborne lift-the-flap book
=500  \\$aLift-the-flap book.
=650  \0$aInsects$vPictorial works$vJuvenile literature.
=650  \0$aToy and movable books.
=700  1\$aScott, Peter David.
=852  41$aBritish Library$bHMNTS$jCLE.3/2002-
=852  41$aBritish Library$bHMNTS$jLC.31.a.29635
=852  \\$aBritish Library$bHMNTS
=916  \\$a100=NOTNAL
=CAT  \\$aBATCH$b00$c20040706$lBLL01$h1458
=CAT  \\$c20040706$lBLL01$h1459
=CAT  \\$c20040706$lBLL01$h1508
=CAT  \\$a7416$b40$c20060822$lBLL01$h1127
=CAT  \\$a11168$b40$c20061121$lBLL01$h1529
=CAT  \\$aBATCH$b00$c20090110$lBLL01$h1722
=CAT  \\$aWR16_021$c20160610$lBLL01$h1947
=CAT  \\$aW1711-1225$c20171203$lBLL01$h1020
=CAT  \\$aW2308-1659$c20230923$lBLL01$h0904
=FMT  \\$a  BK
=LAS  \\$aW2308-1659$b00$c20230923$lBLL01$h0904
=STA  \\$aSUPPRESSED$bunable to determine reason for suppression

