=LDR  01316cam a22004098  4500
=001  012946235
=003  Uk
=005  20061121131348.0
=008  040628s2004\\\\enka\\\a\\\\\\000\1\eng\\
=016  7\$a012946235$2Uk
=020  \\$a0746062613 (hbk.) :$c£4.99
=040  \\$aStDuBDS
=082  04$a823.914$222
=100  1\$aWatt, Fiona.
=245  10$aThat's not my monster... /$cFiona Watt & Rachel Wells.
=260  \\$aLondon :$bUsborne,$c2004.
=263  \\$a200408
=300  \\$a10 p. :$bill. ;$c16 cm.
=336  \\$atext$2rdacontent
=337  \\$aunmediated$2rdamedia
=338  \\$avolume$2rdacarrier
=490  0\$aUsborne touchy-feely books
=655  \0$aChildren's stories$vPictorial works.
=700  1\$aWells, Rachel.
=852  41$aBritish Library$bHMNTS$jCLE.1/2002-
=852  \\$aBritish Library$bHMNTS
=CAT  \\$aBATCH$b00$c20040706$lBLL01$h1458
=CAT  \\$c20040706$lBLL01$h1459
=CAT  \\$c20040706$lBLL01$h1508
=CAT  \\$a11168$b40$c20061121$lBLL01$h1313
=CAT  \\$aBATCH$b00$c20090110$lBLL01$h1722
=CAT  \\$aWR16_021$c20160610$lBLL01$h1947
=CAT  \\$aW1711-1225$c20171203$lBLL01$h1020
=CAT  \\$aW2308-1659$c20230923$lBLL01$h0904
=FMT  \\$a  BK
=LAS  \\$aW2308-1659$b00$c20230923$lBLL01$h0904
=STA  \\$aSUPPRESSED$bunable to determine reason for suppression

