=LDR  01070 am a22003013a 4500
=001  013514985
=003  Uk
=005  20201127180930.0
=008  060721s\\\\\\\\\\\\\\\\\\\\\\\0\\\\heb\\
=100  \\$aAbramson, Lari
=245  \0$aHa-shever ha-suri afrikai kineret sheli.
=260  \\$bBet Gavriel,$c2005.
=336  \\$atext$2rdacontent
=337  \\$aunmediated$2rdamedia
=338  \\$avolume$2rdacarrier
=852  41$aBritish Library$bOC
=852  \\$aBritish Library$bOC$jYP.2007.b.498
=883  0\$aLanguage codes assigned by Bayesian analysis of words present in record$d20201028$qUk$c0.9010
=985  \\$aAccording to order ticket the item is missing.
=985  \\$aUpgraded by BSS-generated file for WR2011-1472
=CAT  \\$a9268$b40$c20060721$lBLL01$h1552
=CAT  \\$a11837$b40$c20120514$lBLL01$h1132
=CAT  \\$aBATCH-UPD$b40$c20121031$lBLL01$h1323
=CAT  \\$aWR12170$c20121116$lBLL01$h1659
=CAT  \\$aW2011-1472$b00$c20201127$lBLL01$h1809
=FMT  \\$a  BK
=LAS  \\$aW2011-1472$b00$c20201127$lBLL01$h1809
=STA  \\$aSUPPRESSED$bPreliminary Record

