=LDR  01290 am a22003733a 4500
=001  013556157
=003  Uk
=005  20190614183833.0
=008  060918s\\\\\\\\\\\\\\\\\\\\\\\0\\\\jpn\\
=020  \\$a9784843329498 (v.41-45)
=020  \\$a9784843329504 (v.46-50)
=020  \\$a9784843329511 (v.51-55)
=020  \\$a9784843329689 (v.56)
=020  \\$a9784843329696 (v.57)
=020  \\$a9784843329702 (v.58)
=040  \\$aUk$beng$cUk
=245  \0$aKorekushon modan toshi bunka.
=260  \\$aTokyo :$bYumani Shobo,$c2004-.
=336  \\$atext$2rdacontent
=337  \\$aunmediated$2rdamedia
=338  \\$avolume$2rdacarrier
=852  41$aBritish Library$bOC$3Vol. 61(2010)-v. 100(2014)
=852  41$aBritish Library$bOC$jYP.2007.a.441
=883  0\$aLanguage codes assigned by Bayesian analysis of words present in record$d20181024$qUk$c0.997
=CAT  \\$a11686$b40$c20060918$lBLL01$h1445
=CAT  \\$a2717$b40$c20100728$lBLL01$h1524
=CAT  \\$a2717$b40$c20100728$lBLL01$h1532
=CAT  \\$a2717$b40$c20100728$lBLL01$h1545
=CAT  \\$a2717$b40$c20110404$lBLL01$h1547
=CAT  \\$aWR12170$c20121116$lBLL01$h1659
=CAT  \\$aW1903-1550$b00$c20190614$lBLL01$h1838
=FMT  \\$a  BK
=LAS  \\$aW1903-1550$b00$c20190614$lBLL01$h1838
=STA  \\$aSUPPRESSED$bPreliminary Record

