=LDR  03696cas a22008053  4500
=001  011116026
=003  Uk
=005  20221231200451.0
=008  040409c||||9999gw\a|\p|||\\\\0\\\|0und\\
=019  c\$a2304131
=040  \\$aUk$cUk
=245  00$aKonziliengeschichte.$nReihe B,$pUntersuchungen.
=260  \\$aPaderborn :$bFerdinand Schöningh.
=336  \\$atext$2rdacontent
=337  \\$aunmediated$2rdamedia
=338  \\$avolume$2rdacarrier
=540  \\$aCurrent Copyright Fee: GBP25.00$c0$5Uk
=852  41$aBritish Library$bHMNTS$jX.0200/435b (...)$3NO.1- (ISSUES RECEIVED ARE UNUMBERED ON THE KARDEX, THEREFORE A NUMBER HAS BEEN ASSIGNED)***Items received after 27/01/2021 shelved as monographs with individual shelfmarks
=852  41$aBritish Library$bHMNTS$3Items received after 27/01/2021 shelved as monographs with individual shelfmarks
=886  2\$2blmarc$a092$b00$a5113.302000n
=945  \\$aKONZILIENGESCHICHTE REIHE B UNTERSUCHUNGEN.
=963  \\$a1979- *A=1$bN$c64:2.C.95.71-
=979  \\$aBritish Library$bDSC$j5113.302000N
=A02  \\$a2304131
=ACF  \\$aPrevious copyright fee: GBP9.00$c0$e01-apr-2010$fGBP9.00$g0$hA$5Uk
=ACF  \\$aPrevious copyright fee: GBP6.00$c0$e01-apr-2008$fGBP6.00$g0$hA$5Uk
=ACF  \\$aPrevious copyright fee: GBP5.00$c0$e01-jul-2002$fGBP5.00$g0$hA$5Uk
=ACF  \\$aCurrent copyright fee: GBP4.40$c0$e01-jul-1998$fGBP4.40$g0$hA$5Uk
=ACF  \\$aCurrent copyright fee: GBP4.20$c0$e01-apr-1997$fGBP4.20$g0$hA$5Uk
=ACF  \\$aPrevious copyright fee: GBP10.50$c0$e01-jan-2011$fGBP10.50$g0$hA$5Uk
=ACF  \\$aPrevious copyright fee: GBP12.00$c0$e01-jan-2012$fGBP12.00$g0$hA$5Uk
=ACF  \\$aPrevious Copyright Fee: GBP12.30$c0$e01-jan-2014$fGBP12.30$g0$hA$5Uk
=ACF  \\$aPrevious Copyright Fee: GBP15.00$c0$e01-jan-2017$fGBP15.00$g0$hA$5Uk
=ACF  \\$aPrevious Copyright Fee: GBP17.50$c0$e01-jan-2018$fGBP17.50$g0$hA$5Uk
=ACF  \\$aPrevious Copyright Fee: GBP20.00$c0$e01-jan-2020$fGBP20.00$g0$hA$5Uk
=CAT  \\$aCONV$b00$c20040425$lBLL90$h0705
=CAT  \\$aBATCH$b00$c20100401$lBLL01$h0508
=CAT  \\$aBATCH$b00$c20100401$lBLL01$h1534
=CAT  \\$aBATCH-UPD$b00$c20101124$lBLL01$h1904
=CAT  \\$aBATCH-UPD$b00$c20101125$lBLL01$h1127
=CAT  \\$aIPL-CLA$c20101231$lBLL01$h1409
=CAT  \\$aWR11_203$c20111204$lBLL01$h1426
=CAT  \\$aIPL-CLA$c20111230$lBLL01$h1911
=CAT  \\$a9665$b40$c20120508$lBLL01$h1348
=CAT  \\$a9665$b40$c20120508$lBLL01$h1349
=CAT  \\$aBATCH-CLA$b00$c20121107$lBLL01$h1910
=CAT  \\$aWR13.005$c20130323$lBLL01$h1415
=CAT  \\$aBATCH-CLA$c20131219$lBLL01$h1833
=CAT  \\$aIPL-CLA$c20131231$lBLL01$h2157
=CAT  \\$aBATCH-CLA$b00$c20161222$lBLL01$h1741
=CAT  \\$aIPL-CLA$c20161230$lBLL01$h2003
=CAT  \\$aW1711-1225$c20171203$lBLL01$h1019
=CAT  \\$aBATCH-CLA$b00$c20171222$lBLL01$h2048
=CAT  \\$aIPL-CLA$c20171231$lBLL01$h1533
=CAT  \\$aBATCH-CLA$b00$c20191219$lBLL01$h1707
=CAT  \\$aIPL-CLA$c20191231$lBLL01$h1842
=CAT  \\$aR2001-1524$c20200127$lBLL01$h1949
=CAT  \\$aBATCH-CLA$b00$c20201204$lBLL01$h1506
=CAT  \\$aIPL-CLA$c20201231$lBLL01$h2057
=CAT  \\$aBATCH-CLA$b00$c20221221$lBLL01$h1813
=CAT  \\$aIPL-CLA$c20221231$lBLL01$h2004
=CFI  0\$aCurrent Copyright Fee: GBP25.00$c0$e01-jan-2023$fGBP25.00$g0$hA$5Uk
=CFI  2\$aPrevious Copyright Fee: GBP22.50$c0$e01-jan-2021$fGBP22.50$g0$hA$5Uk
=FIN  \\$aY
=FMT  \\$a  SE
=LAS  \\$aIPL-CLA$b00$c20221231$lBLL01$h2004
=LEO  \\$aMP10.0000334355
=SRC  \\$aDSS01$bbibmp10.200404.2.aa
=STA  \\$aSUPPRESSED$bunable to determine reason for suppression
=TCO  \\$aDEU$bVG WORT$c008

