=LDR  03576cas a22007813  4500
=001  011134608
=003  Uk
=005  20221231200816.0
=008  040410c||||9999it\a|\p|||\\\\0\\\|0ita\\
=019  c\$a2359657
=040  \\$aUk$cUk
=245  00$aTESTIMONIANZE FRA CRONACA E STORIA.
=336  \\$atext$2rdacontent
=337  \\$aunmediated$2rdamedia
=338  \\$avolume$2rdacarrier
=540  \\$aCurrent Copyright Fee: GBP25.00$c0$5Uk
=852  41$aBritish Library$bDSC$j8796.598060$3119, 1983- 120, 1983 *A=1
=852  41$aBritish Library$bHMNTS$3VOL.121-248 NUMBERED ISSUES, SEE ISSUE SCREEN FOR UNNUMBERED ISSUES (VOL.150, 162, 164, 168, 169, 173, 176, 188, 190 ARE TRANSLATIONS AND ARE NOT REQUIRED)
=883  0\$aLanguage codes assigned by Bayesian analysis of words present in record$d20210115$qUk$c0.9450
=945  \\$aTESTIMONIANZE FRA CRONACA E STORIA.
=959  \\$fHeld but not currently received
=A02  \\$a2359657
=ACF  \\$aPrevious copyright fee: GBP9.00$c0$e01-apr-2010$fGBP9.00$g0$hA$5Uk
=ACF  \\$aPrevious copyright fee: GBP6.00$c0$e01-apr-2008$fGBP6.00$g0$hA$5Uk
=ACF  \\$aPrevious copyright fee: GBP5.00$c0$e01-jul-2002$fGBP5.00$g0$hA$5Uk
=ACF  \\$aCurrent copyright fee: GBP4.40$c0$e01-jul-1998$fGBP4.40$g0$hA$5Uk
=ACF  \\$aCurrent copyright fee: GBP4.20$c0$e01-apr-1997$fGBP4.20$g0$hA$5Uk
=ACF  \\$aPrevious copyright fee: GBP10.50$c0$e01-jan-2011$fGBP10.50$g0$hA$5Uk
=ACF  \\$aPrevious copyright fee: GBP12.00$c0$e01-jan-2012$fGBP12.00$g0$hA$5Uk
=ACF  \\$aPrevious Copyright Fee: GBP12.30$c0$e01-jan-2014$fGBP12.30$g0$hA$5Uk
=ACF  \\$aPrevious Copyright Fee: GBP15.00$c0$e01-jan-2017$fGBP15.00$g0$hA$5Uk
=ACF  \\$aPrevious Copyright Fee: GBP17.50$c0$e01-jan-2018$fGBP17.50$g0$hA$5Uk
=ACF  \\$aPrevious Copyright Fee: GBP20.00$c0$e01-jan-2020$fGBP20.00$g0$hA$5Uk
=CAT  \\$aCONV$b00$c20040425$lBLL90$h0711
=CAT  \\$aBATCH-UPD$b00$c20100401$lBLL01$h0212
=CAT  \\$aBATCH$b00$c20100401$lBLL01$h0513
=CAT  \\$aBATCH$b00$c20100401$lBLL01$h1539
=CAT  \\$aBATCH-UPD$b00$c20101124$lBLL01$h1909
=CAT  \\$aBATCH-UPD$b00$c20101125$lBLL01$h1134
=CAT  \\$aIPL-CLA$c20101231$lBLL01$h1416
=CAT  \\$aWR11_203$c20111204$lBLL01$h1430
=CAT  \\$aIPL-CLA$c20111230$lBLL01$h1918
=CAT  \\$aBATCH-CLA$b00$c20121107$lBLL01$h1906
=CAT  \\$aWR13.005$c20130323$lBLL01$h1441
=CAT  \\$aBATCH-CLA$c20131219$lBLL01$h1840
=CAT  \\$aIPL-CLA$c20131231$lBLL01$h2206
=CAT  \\$aBATCH-CLA$b00$c20161222$lBLL01$h1743
=CAT  \\$aIPL-CLA$c20161230$lBLL01$h2009
=CAT  \\$aW1711-1225$c20171203$lBLL01$h1019
=CAT  \\$aBATCH-CLA$b00$c20171222$lBLL01$h2052
=CAT  \\$aIPL-CLA$c20171231$lBLL01$h1537
=CAT  \\$aBATCH-CLA$b00$c20191219$lBLL01$h1710
=CAT  \\$aIPL-CLA$c20191231$lBLL01$h1846
=CAT  \\$aR2001-1524$c20200127$lBLL01$h1950
=CAT  \\$aBATCH-CLA$b00$c20201204$lBLL01$h1508
=CAT  \\$aIPL-CLA$c20201231$lBLL01$h2101
=CAT  \\$aW2102-0046$b00$c20210506$lBLL01$h1500
=CAT  \\$aBATCH-CLA$b00$c20221221$lBLL01$h1815
=CAT  \\$aIPL-CLA$c20221231$lBLL01$h2008
=CFI  0\$aCurrent Copyright Fee: GBP25.00$c0$e01-jan-2023$fGBP25.00$g0$hA$5Uk
=CFI  2\$aPrevious Copyright Fee: GBP22.50$c0$e01-jan-2021$fGBP22.50$g0$hA$5Uk
=FIN  \\$aY
=FMT  \\$a  SE
=LAS  \\$aIPL-CLA$b00$c20221231$lBLL01$h2008
=LEO  \\$aMP10.0000574141
=SRC  \\$aDSS01$bbibmp10.200404.2.aa
=STA  \\$aSUPPRESSED$bunable to determine reason for suppression
=TCO  \\$aITA$bAIDRO / SIAE$c008

