=LDR  02059pam a2200613 a 4500
=001  009697273
=003  Uk
=005  20040712090659.0
=008  031202s2004\\\\at\a\\\\\b\\\\001\0\eng\\
=015  \\$aGBA4Z9874$2bnb
=016  7\$a009697273$2Uk
=019  y\$abA4Z9874
=019  9\$a0195510046
=020  \\$a0195510046 (pbk) :$c£29.95
=039  0\$a2420
=040  \\$aStDuBDS$dUk
=042  \\$aukblsr
=082  04$a362.10993$222
=245  00$aEnvironmental health in Australia and New Zealand /$cedited by Nancy Cromar, Scott Cameron & Howard Fallowfield.
=260  \\$aSouth Melbourne, Vic. ;$aOxford :$bOxford University Press,$c2004.
=300  \\$axxiii, 471 p. :$bill. ;$c26 cm.
=336  \\$atext$2rdacontent
=337  \\$aunmediated$2rdamedia
=338  \\$avolume$2rdacarrier
=500  \\$aFormerly CIP.$5Uk
=504  \\$aIncludes bibliographical references and index.
=650  \0$aEnvironmental health$zAustralia.
=650  \0$aEnvironmental health$zNew Zealand.
=700  1\$aCameron, Scott.
=700  1\$aCromar, Nancy.
=700  1\$aFallowfield, Howard.
=852  41$aBritish Library$bHMNTS
=852  41$aBritish Library$bOC$jYD.2004.b.742
=957  \\$r23/03/2004
=CAT  \\$aCONV$b00$c20040425$lBLL90$h0533
=CAT  \\$aCONV$b00$c20040502$lBLL01$h1336
=CAT  \\$a11249$b40$c20040706$lBLL01$h1146
=CAT  \\$a11249$b40$c20040707$lBLL01$h1407
=CAT  \\$a11249$b40$c20040707$lBLL01$h1415
=CAT  \\$a11249$b40$c20040712$lBLL01$h0906
=CAT  \\$aBATCH$b00$c20091209$lBLL01$h2242
=CAT  \\$aBATCH$b00$c20091214$lBLL01$h0532
=CAT  \\$aBATCH$b00$c20091216$lBLL01$h0129
=CAT  \\$aWR16_021$c20160609$lBLL01$h1952
=CAT  \\$aW1711-1225$c20171203$lBLL01$h1019
=FIN  \\$aY
=FMT  \\$a  BK
=LAS  \\$aW1711-1225$b00$c20171203$lBLL01$h1019
=LDO  \\$aCIP
=LEO  \\$aMP5.0000093625
=SRC  \\$aMOP02$bbibm2.200404.2.aa
=SRC  \\$aLDS01$bbiblm.200404.2.aa
=SRC  \\$aBNB03$bbibmp5.200404.2.aa
=STA  \\$aSUPPRESSED$bunable to determine reason for suppression

