=LDR  02452pam a2200685 a 4500
=001  009716411
=003  Uk
=005  20040910164617.0
=008  031216s2004\\\\xxuc\\\\\bd\\\001\0ceng\\
=010  \\$a2003008699
=015  \\$aGBA4Z7510$2bnb
=016  7\$a009716411$2Uk
=019  y\$abA4Z7510
=019  9\$a0816048606
=020  \\$a0816048606 :$c£32.95
=039  0\$a2773
=040  \\$aStDuBDS$beng$cUk$dUk
=042  \\$aukblsr
=082  04$a810.996073003$222
=100  1\$aBader, Philip,$d1969-
=245  10$aAfrican-American writers /$cPhilip Bader.
=260  \\$aNew York, N.Y. :$bFacts On File ;$a[London :$bEurospan, distributor],$cc2004.
=300  \\$ax, 294 p. :$bports. ;$c24 cm.
=336  \\$atext$2rdacontent
=337  \\$aunmediated$2rdamedia
=338  \\$avolume$2rdacarrier
=490  1\$aA to Z of African Americans
=490  1\$aFacts on File library of American history
=500  \\$aFormerly CIP.$5Uk
=504  \\$aIncludes bibliographical references and index.
=650  \0$aAmerican literature$xAfrican American authors$vBio-bibliography$vDictionaries.
=650  \0$aAfrican American authors$vBiography$vDictionaries.
=650  \0$aAfrican Americans in literature$vDictionaries.
=650  \0$aAuthors, American$vBiography$vDictionaries.
=830  \0$aA to Z of African Americans.
=830  \0$aFacts on File library of American history.
=852  41$aBritish Library$bHMNTS
=852  41$aBritish Library$bHMNTS$jYC.2004.a.8147
=CAT  \\$aCONV$b00$c20040425$lBLL90$h0538
=CAT  \\$aCONV$b00$c20040502$lBLL01$h1337
=CAT  \\$a6506$b40$c20040909$lBLL01$h1450
=CAT  \\$a6506$b40$c20040910$lBLL01$h1645
=CAT  \\$a6506$b40$c20040910$lBLL01$h1646
=CAT  \\$aglobal_upd$b40$c20060416$lBLL01$h1543
=CAT  \\$aBATCH$b00$c20091209$lBLL01$h2244
=CAT  \\$aBATCH$b00$c20091214$lBLL01$h0533
=CAT  \\$aBATCH$b00$c20091216$lBLL01$h0129
=CAT  \\$aBATCH$b00$c20100103$lBLL01$h1149
=CAT  \\$aWR16_021$c20160609$lBLL01$h1953
=CAT  \\$aBATCH-UPD$b00$c20160609$lBLL01$h2118
=CAT  \\$aW1711-1225$c20171203$lBLL01$h1019
=CAT  \\$aBATCH-UPD$b00$c20200829$lBLL01$h1453
=FIN  \\$aY
=FMT  \\$a  BK
=LAS  \\$aBATCH-UPD$b00$c20200829$lBLL01$h1453
=LDO  \\$aCIP
=LEO  \\$aMP5.0000290153
=SRC  \\$aLDS01$bbiblm.200404.2.aa
=SRC  \\$aBNB03$bbibmp5.200404.2.aa
=STA  \\$aSUPPRESSED$bunable to determine reason for suppression

