=LDR  03394cas a22007933  4500
=001  009875325
=003  Uk
=005  20221231193157.0
=008  040410u||||||||xxca|\p|||\\\\0\\\|0eng\\
=019  c\$a2259826
=040  \\$aUk$cUk
=245  00$aSHORN WOOD PRODUCTION -OTTAWA-.
=336  \\$atext$2rdacontent
=337  \\$aunmediated$2rdamedia
=338  \\$avolume$2rdacarrier
=540  \\$aCurrent Copyright Fee: GBP25.00$c0$5Uk
=852  41$aBritish Library$bHMNTS$jDiscard
=852  41$aBritish Library$bHMNTS$31954-
=883  0\$aLanguage codes assigned by Bayesian analysis of words present in record$d20210115$qUk$c0.9450
=945  \\$aSHORN WOOD PRODUCTION -OTTAWA-.
=979  \\$aBritish Library$bDSC$j8268.460000N
=A02  \\$a2259826
=ACF  \\$aPrevious copyright fee: GBP9.00$c0$e01-apr-2010$fGBP9.00$g0$hA$5Uk
=ACF  \\$aPrevious copyright fee: GBP6.00$c0$e01-apr-2008$fGBP6.00$g0$hA$5Uk
=ACF  \\$aPrevious copyright fee: GBP5.00$c0$e01-jul-2002$fGBP5.00$g0$hA$5Uk
=ACF  \\$aCurrent copyright fee: GBP4.40$c0$e01-jul-1998$fGBP4.40$g0$hA$5Uk
=ACF  \\$aCurrent copyright fee: GBP4.20$c0$e01-apr-1997$fGBP4.20$g0$hA$5Uk
=ACF  \\$aPrevious copyright fee: GBP10.50$c0$e01-jan-2011$fGBP10.50$g0$hA$5Uk
=ACF  \\$aPrevious copyright fee: GBP12.00$c0$e01-jan-2012$fGBP12.00$g0$hA$5Uk
=ACF  \\$aPrevious Copyright Fee: GBP12.30$c0$e01-jan-2014$fGBP12.30$g0$hA$5Uk
=ACF  \\$aPrevious Copyright Fee: GBP15.00$c0$e01-jan-2017$fGBP15.00$g0$hA$5Uk
=ACF  \\$aPrevious Copyright Fee: GBP17.50$c0$e01-jan-2018$fGBP17.50$g0$hA$5Uk
=ACF  \\$aPrevious Copyright Fee: GBP20.00$c0$e01-jan-2020$fGBP20.00$g0$hA$5Uk
=CAT  \\$aCONV$b00$c20040425$lBLL90$h0710
=CAT  \\$aBATCH$b00$c20100401$lBLL01$h0437
=CAT  \\$aBATCH$b00$c20100401$lBLL01$h1457
=CAT  \\$aBATCH-UPD$b00$c20101124$lBLL01$h1836
=CAT  \\$aBATCH-UPD$b00$c20101125$lBLL01$h1057
=CAT  \\$aIPL-CLA$c20101231$lBLL01$h1327
=CAT  \\$a10_149CORR$c20110119$lBLL01$h1406
=CAT  \\$aWR11_203$c20111204$lBLL01$h1358
=CAT  \\$aIPL-CLA$c20111230$lBLL01$h1827
=CAT  \\$aBATCH-CLA$b00$c20121105$lBLL01$h1751
=CAT  \\$aWR13.005$c20130323$lBLL01$h1401
=CAT  \\$aBATCH-CLA$c20131218$lBLL01$h2234
=CAT  \\$aIPL-CLA$c20131231$lBLL01$h2050
=CAT  \\$a8456$b40$c20140815$lBLL01$h1232
=CAT  \\$aBATCH-CLA$b00$c20161222$lBLL01$h1727
=CAT  \\$aIPL-CLA$c20161230$lBLL01$h1926
=CAT  \\$aBATCH-CLA$b00$c20171222$lBLL01$h2029
=CAT  \\$aIPL-CLA$c20171231$lBLL01$h1457
=CAT  \\$aBATCH-CLA$b00$c20191219$lBLL01$h1652
=CAT  \\$aIPL-CLA$c20191231$lBLL01$h1815
=CAT  \\$aR2001-1524$c20200127$lBLL01$h1939
=CAT  \\$aBATCH-CLA$b00$c20201204$lBLL01$h1450
=CAT  \\$aIPL-CLA$c20201231$lBLL01$h2021
=CAT  \\$aW2102-0046$b00$c20210506$lBLL01$h1448
=CAT  \\$aBATCH-CLA$b00$c20221221$lBLL01$h1756
=CAT  \\$aIPL-CLA$c20221231$lBLL01$h1931
=CFI  0\$aCurrent Copyright Fee: GBP25.00$c0$e01-jan-2023$fGBP25.00$g0$hA$5Uk
=CFI  2\$aPrevious Copyright Fee: GBP22.50$c0$e01-jan-2021$fGBP22.50$g0$hA$5Uk
=FIN  \\$aY
=FMT  \\$a  SE
=LAS  \\$aIPL-CLA$b00$c20221231$lBLL01$h1931
=LEO  \\$aMP10.0000534151
=SRC  \\$aDSS01$bbibmp10.200404.2.aa
=SRC  \\$aDSS02$bbibh.200404.2.aa
=STA  \\$aSUPPRESSED$bNegative Record
=TCO  \\$aCAN$bAccess$c008

