=LDR  01896 as a2200589ua 4500
=001  009893579
=003  Uk
=005  20130702111127.0
=006  aa\\\|||||||||||||
=007  ta
=008  000406c19989999enkmr\p\\\\\\\0\\\a0eng\\
=019  1\$abld00C6484
=022  1\$a1463-5593$202
=040  \\$aUk$cUk$dUk$dUk
=042  \\$aissnuk
=222  \0$aFuntime$b(Exeter)
=245  00$aFuntime.
=246  13$aFun time
=260  \\$aExeter :$bLCD,$c1998-
=300  \\$av. :$bill. ;$c30 cm.
=310  \\$aMonthly
=336  \\$atext$2rdacontent
=337  \\$aunmediated$2rdamedia
=338  \\$avolume$2rdacarrier
=362  0\$a[1998]-
=500  \\$aDescription based on: Oct. 1998 issue.
=588  \\$aLatest issue consulted: no. 3 [2013].
=852  41$aBritish Library$bHMNTS
=852  41$aBritish Library$bHMNTS$lHMNTS$jZK.9.b.13785$3[1998]-[Oct.1999?]
=957  \\$a990222c
=985  \\$aRecord for L7 from 2008, previously fully catalogued
=985  \\$aISSN UK note: Record re-opened 02/07/13, title re-launched in 2013 with no intervening title.
=CAT  \\$aCONV$b00$c20040425$lBLL90$h0718
=CAT  \\$aCONV$b00$c20040502$lBLL01$h1342
=CAT  \\$a6537$b40$c20080917$lBLL01$h0909
=CAT  \\$a8124$b40$c20081118$lBLL01$h1029
=CAT  \\$a8124$b40$c20081118$lBLL01$h1030
=CAT  \\$aWR09-126
=CAT  \\$aBATCH-UPD$b40$c20090904$lBLL01$h1716
=CAT  \\$aBATCH$b00$c20091122$lBLL01$h1252
=CAT  \\$a10806$b40$c20130702$lBLL01$h1111
=CAT  \\$aW1711-1225$c20171203$lBLL01$h1019
=FIN  \\$aY
=FMT  \\$a  SE
=LAS  \\$aW1711-1225$b00$c20171203$lBLL01$h1019
=LEO  \\$aMP13.0000043659
=LEO  \\$aMP22.0000058872
=SRC  \\$aISN01$bbibmp22.200404.2.aa
=SRC  \\$aDSS04$bbibld.200404.2.aa
=SRC  \\$aHSS01$bbibmp13.200404.2.aa
=STA  \\$aSUPPRESSED$bunable to determine reason for suppression
=TCO  \\$aCLA$bCLA$c008

