=LDR  03669cas a22007933  4500
=001  010500705
=003  Uk
=005  20221231195008.0
=008  040410c||||9999gw\a|\p|||\\\\0\\\|0ger\\
=019  c\$a2517590
=040  \\$aUk$cUk
=245  00$aSTATISTISCHE BERICHTE- STATISTISCHES LANDESAMT HESSEN.
=336  \\$atext$2rdacontent
=337  \\$aunmediated$2rdamedia
=338  \\$avolume$2rdacarrier
=540  \\$aCurrent Copyright Fee: GBP25.00$c0$5Uk
=852  41$aBritish Library$bHMNTS$jSF.173/6(...)$3NO.1- (NO.12,13 MISSING)***Items received after 27/01/2021 shelved as monographs with individual shelfmarks
=852  41$aBritish Library$bHMNTS$3Items received after 27/01/2021 shelved as monographs with individual shelfmarks
=883  0\$aLanguage codes assigned by Bayesian analysis of words present in record$d20210115$qUk$c0.9450
=886  2\$2blmarc$a092$b00$a8454.550000n
=945  \\$aSTATISTISCHE BERICHTE- STATISTISCHES LANDESAMT HESSEN.
=979  \\$aBritish Library$bDSC$j8454.550000N
=A02  \\$a2517590
=ACF  \\$aPrevious copyright fee: GBP9.00$c0$e01-apr-2010$fGBP9.00$g0$hA$5Uk
=ACF  \\$aPrevious copyright fee: GBP6.00$c0$e01-apr-2008$fGBP6.00$g0$hA$5Uk
=ACF  \\$aPrevious copyright fee: GBP5.00$c0$e01-jul-2002$fGBP5.00$g0$hA$5Uk
=ACF  \\$aCurrent copyright fee: GBP4.40$c0$e01-jul-1998$fGBP4.40$g0$hA$5Uk
=ACF  \\$aCurrent copyright fee: GBP4.20$c0$e01-apr-1997$fGBP4.20$g0$hA$5Uk
=ACF  \\$aPrevious copyright fee: GBP10.50$c0$e01-jan-2011$fGBP10.50$g0$hA$5Uk
=ACF  \\$aPrevious copyright fee: GBP12.00$c0$e01-jan-2012$fGBP12.00$g0$hA$5Uk
=ACF  \\$aPrevious Copyright Fee: GBP12.30$c0$e01-jan-2014$fGBP12.30$g0$hA$5Uk
=ACF  \\$aPrevious Copyright Fee: GBP15.00$c0$e01-jan-2017$fGBP15.00$g0$hA$5Uk
=ACF  \\$aPrevious Copyright Fee: GBP17.50$c0$e01-jan-2018$fGBP17.50$g0$hA$5Uk
=ACF  \\$aPrevious Copyright Fee: GBP20.00$c0$e01-jan-2020$fGBP20.00$g0$hA$5Uk
=CAT  \\$aCONV$b00$c20040425$lBLL90$h0711
=CAT  \\$aBATCH-UPD$b00$c20100401$lBLL01$h0152
=CAT  \\$aBATCH$b00$c20100401$lBLL01$h0454
=CAT  \\$aBATCH$b00$c20100401$lBLL01$h1517
=CAT  \\$aBATCH-UPD$b00$c20101124$lBLL01$h1852
=CAT  \\$aBATCH-UPD$b00$c20101125$lBLL01$h1113
=CAT  \\$aIPL-CLA$c20101231$lBLL01$h1351
=CAT  \\$aWR11_203$c20111204$lBLL01$h1413
=CAT  \\$aIPL-CLA$c20111230$lBLL01$h1851
=CAT  \\$aBATCH-CLA$b00$c20121105$lBLL01$h1740
=CAT  \\$aWR13.005$c20130322$lBLL01$h2016
=CAT  \\$aBATCH-CLA$c20131218$lBLL01$h2300
=CAT  \\$aIPL-CLA$c20131231$lBLL01$h2129
=CAT  \\$aBATCH-CLA$b00$c20161222$lBLL01$h1735
=CAT  \\$aIPL-CLA$c20161230$lBLL01$h1946
=CAT  \\$aW1711-1225$c20171203$lBLL01$h1019
=CAT  \\$aBATCH-CLA$b00$c20171222$lBLL01$h2039
=CAT  \\$aIPL-CLA$c20171231$lBLL01$h1517
=CAT  \\$aBATCH-CLA$b00$c20191219$lBLL01$h1701
=CAT  \\$aIPL-CLA$c20191231$lBLL01$h1830
=CAT  \\$aR2001-1524$c20200127$lBLL01$h1945
=CAT  \\$aBATCH-CLA$b00$c20201204$lBLL01$h1459
=CAT  \\$aIPL-CLA$c20201231$lBLL01$h2041
=CAT  \\$aW2102-0046$b00$c20210506$lBLL01$h1453
=CAT  \\$aBATCH-CLA$b00$c20221221$lBLL01$h1805
=CAT  \\$aIPL-CLA$c20221231$lBLL01$h1950
=CFI  0\$aCurrent Copyright Fee: GBP25.00$c0$e01-jan-2023$fGBP25.00$g0$hA$5Uk
=CFI  2\$aPrevious Copyright Fee: GBP22.50$c0$e01-jan-2021$fGBP22.50$g0$hA$5Uk
=FIN  \\$aY
=FMT  \\$a  SE
=LAS  \\$aIPL-CLA$b00$c20221231$lBLL01$h1950
=LEO  \\$aMP10.0000551451
=SRC  \\$aDSS01$bbibmp10.200404.2.aa
=STA  \\$aSUPPRESSED$bunable to determine reason for suppression
=TCO  \\$aDEU$bVG WORT$c008

