=LDR  01576 am a22004813u 4500
=001  006304672
=003  Uk
=005  20110321130757.0
=008  951016s1995\\\\enka\\\||\\\\o000\||eng\\
=019  g\$aadv0101105169
=019  a\$aG02576755
=040  \\$aUk$cUk
=100  1\$aStorey, Les.
=245  00$aUtilising national occupational standards as a complement to nursing curricula :$ba collaborative project /$cby Les Storey, Stephen O'Kell, Malcolm Day.
=260  \\$a[London] :$bDepartment of Health,$c1995.
=300  \\$a98p., xxxiii.
=336  \\$atext$2rdacontent
=337  \\$aunmediated$2rdamedia
=338  \\$avolume$2rdacarrier
=500  \\$aOn cover: NHS Executive.
=500  \\$aCover title.
=700  1\$aDay, Malcolm,$d1953-
=700  1\$aO'Kell, Stephen.
=710  1\$aGreat Britain.$bDepartment of Health.
=710  2\$aNHS Executive.
=852  \\$aBritish Library$bHMNTS
=852  41$aBritish Library$bHMNTS$jBS. 17/417.
=966  \\$uc$lSPACQ
=979  \\$aMN
=985  \\$aRecord amended for WR# 13/070
=CAT  \\$aCONV$b00$c20040502$lBLL01$h1135
=CAT  \\$aUE-01$b00$c20050120$lBLL01$h1700
=CAT  \\$aglobal_upd$b40$c20060416$lBLL01$h0024
=CAT  \\$aBATCH$b00$c20091206$lBLL01$h2343
=CAT  \\$a5194$b40$c20110321$lBLL01$h1307
=CAT  \\$aWR12-140$c20121031$lBLL01$h1743
=CAT  \\$aWR13_070$b00$c20130504$lBLL01$h0137
=FIN  \\$aY
=FMT  \\$a  BK
=LAS  \\$aWR13_070$b00$c20130504$lBLL01$h0137
=LEO  \\$aMP8.0001187278
=SRC  \\$aDSC01$bbibmp8.200404.2.ab
=STA  \\$aSUPPRESSED$bNegative Record

