=LDR  01054 am a22003133u 4500
=001  006879152
=003  Uk
=005  20201017084418.0
=008  040421s1966\1970\\\\|||||||||||||||chi||
=245  00$aZhong guo wen hua da ge ming shi qi zi liao
=260  \\$c1966-1970
=336  \\$atext$2rdacontent
=337  \\$aunmediated$2rdamedia
=338  \\$avolume$2rdacarrier
=852  \\$aBritish Library$bOC
=852  41$aBritish Library$bOC$jORB.40/869
=883  0\$aLanguage codes assigned by Bayesian analysis of words present in record$d20200826$qUk$c0.9919
=957  \\$r31/01/2002
=985  \\$aUpgraded by BSS-generated file for WR2009-0365
=AQN  \\$aE84
=CAT  \\$aCONV$b00$c20040502$lBLL01$h1201
=CAT  \\$aBATCH$b00$c20091207$lBLL01$h0313
=CAT  \\$aBATCH-UPD$b00$c20121031$lBLL01$h1322
=CAT  \\$aWR12170$c20121116$lBLL01$h1655
=CAT  \\$aW2009-0365$b00$c20201017$lBLL01$h0844
=FMT  \\$a  BK
=LAS  \\$aW2009-0365$b00$c20201017$lBLL01$h0844
=SRC  \\$aMOP02$bbibm2.200404.2.aa
=STA  \\$aSUPPRESSED$bPreliminary Record

