=LDR  01610 am a2200481 a 4500
=001  006896064
=003  Uk
=005  20051201165110.0
=008  040423s2003\\\\enka\\\\\b\\\\000\0\eng\\
=015  \\$aGBA602746$2bnb
=016  7\$a006896064$2Uk
=020  \\$a0954147715 (pbk.) :$cNo price
=040  \\$aUk$beng$cUk
=042  \\$aukblsr
=082  04$a658.1511$222
=100  1\$aBhimani, Alnoor.
=245  10$aManagement accounting and organizational excellence /$cAlnoor Bhimani.
=260  \\$aLondon :$bManagement Press,$c2003.
=300  \\$aviii, 190 p. :$bill. ;$c30 cm.
=336  \\$atext$2rdacontent
=337  \\$aunmediated$2rdamedia
=338  \\$avolume$2rdacarrier
=504  \\$aIncludes bibliographical references.
=650  \0$aManagerial accounting.
=650  \0$aOrganizational change.
=852  41$aBritish Library$bHMNTS
=852  41$aBritish Library$bHMNTS$jYK.2005.b.5869
=CAT  \\$aCONV$b00$c20040502$lBLL01$h1202
=CAT  \\$a9657$b40$c20051129$lBLL01$h0907
=CAT  \\$a7143$b40$c20051201$lBLL01$h1651
=CAT  \\$aBATCH$b00$c20091207$lBLL01$h0317
=CAT  \\$aBATCH$b00$c20091214$lBLL01$h0154
=CAT  \\$aBATCH$b00$c20091216$lBLL01$h0028
=CAT  \\$aWR16_021$c20160608$lBLL01$h1732
=CAT  \\$aBATCH-UPD$b00$c20160608$lBLL01$h2014
=CAT  \\$aBATCH-UPD$b00$c20170624$lBLL01$h1723
=CAT  \\$aW1711-1225$c20171203$lBLL01$h1015
=FIN  \\$aY$d20051201
=FMT  \\$a  BK
=LAS  \\$aW1711-1225$b00$c20171203$lBLL01$h1015
=LDO  \\$aLDO
=SRC  \\$aLDS01$bbiblm.200404.2.aa
=STA  \\$aSUPPRESSED$bunable to determine reason for suppression

