=LDR  01668 em a22004933u 4500
=001  004930708
=003  Uk
=005  20191021114550.0
=007  a|||||||
=008  940113|1912\\\\|||||||||\u\\||\|\|||||\\
=019  4\$am130232092
=040  \\$aUk$cUk
=052  7\$a912.4971$2ddc
=245  00$a|{dollar}n VIII ... 6 |{dollar}n, 2 |{dollar}n ... |{dollar}n).
=264  \1$a|{dollar}n,$c1912.
=300  \\$c170 x 245 mm (8º)
=336  \\$acartographic image$2rdacontent
=337  \\$aunmediated$2rdamedia
=338  \\$avolume$2rdacarrier
=340  \\$m8vo$2rdabf
=500  \\$a|{dollar}n 8.
=540  \\$aBritish Library not licensed to copy$c0$5Uk
=651  \7$aSERBIA.$xEthnography -$vMaps and charts$y1912.$2blmlsh
=852  41$aBritish Library$bDSC$j0166.700000
=852  41$aBritish Library$bHMNTS$jAc.1131/4
=852  41$aBritish Library$bHMNTS
=960  1\$aUnallocated
=985  \\$aCorrected by MS generated file for WR# 1805-0738
=CAT  \\$aCONV$b00$c20040502$lBLL01$h1043
=CAT  \\$aglobal_upd$b40$c20060416$lBLL01$h1831
=CAT  \\$aBATCH$b00$c20091205$lBLL01$h2235
=CAT  \\$aBATCH-UPD$b00$c20121031$lBLL01$h1314
=CAT  \\$aW1711-1225$c20171203$lBLL01$h1010
=CAT  \\$a1805-0738$c20181214$lBLL01$h1824
=CAT  \\$a1805-0738$b00$c20181214$lBLL01$h1859
=CAT  \\$a8244$b40$c20191021$lBLL01$h1145
=CAT  \\$aBATCH-CLA$b00$c20191022$lBLL01$h0105
=CFI  0\$aBritish Library not licensed to copy$c0$e07-sep-2011$hC$iTX$5Uk
=FIN  \\$aY
=FMT  \\$a  MP
=LAS  \\$aBATCH-CLA$b00$c20191022$lBLL01$h0105
=LEO  \\$aMP17.0000131126
=SRC  \\$aMAP01$bbibmp17.200404.2.aa
=STA  \\$aSUPPRESSED$bunable to determine reason for suppression

