=LDR  01491 as a22003973  4500
=001  005413816
=003  Uk
=005  20210423175331.0
=008  040409u|||||||||||a|\p|||\\\\0\\\|0eng\\
=019  c\$a2024766
=040  \\$aUk$cUk
=245  00$aANNUAL REPORT- TRADES UNION CONGRESS.
=336  \\$atext$2rdacontent
=337  \\$aunmediated$2rdamedia
=338  \\$avolume$2rdacarrier
=595  \\$aSEE 7638.52 SEE ALSO SERIAL RECORDS BOD.
=852  41$aBritish Library$bHMNTS$32010
=852  41$aBritish Library$bDSC$j1471.930000
=883  0\$aLanguage codes assigned by Bayesian analysis of words present in record$d20210115$qUk$c0.9450
=886  2\$2blmarc$a959
=945  \\$aANNUAL REPORT- TRADES UNION CONGRESS.
=985  \\$aRecord used to process LDO Continuation parts - will require full cataloguing when first issue is retrieved from the serials cataloguing backlog. Once catalogued please route to LDO 1st project so item can be accessioned.
=A02  \\$a2024766
=CAT  \\$aCONV$b00$c20040502$lBLL01$h1100
=CAT  \\$aBATCH$b00$c20091205$lBLL01$h2337
=CAT  \\$a10997$b40$c20110310$lBLL01$h1542
=CAT  \\$aWR12-140$c20121031$lBLL01$h1342
=CAT  \\$aWR13.005$c20130323$lBLL01$h1525
=CAT  \\$aW2102-0046$b00$c20210423$lBLL01$h1753
=FIN  \\$aY
=FMT  \\$a  SE
=LAS  \\$aW2102-0046$b00$c20210423$lBLL01$h1753
=LEO  \\$aMP10.0000063592
=SRC  \\$aDSS01$bbibmp10.200404.2.aa
=STA  \\$aSUPPRESSED$bDSC Serial X-REF
=TCO  \\$aZZZ$c008

