=LDR  01257cas a22003973  4500
=001  005421454
=003  Uk
=005  20210423175425.0
=008  040409u|||||||||||a|\p|||\\\\0\\\|0ita\\
=019  c\$a2309519
=022  \\$a2036-2552
=040  \\$aUk$cUk
=245  00$aBIBLIOTECA DEL VIAGGIO IN ITALIA.
=336  \\$atext$2rdacontent
=337  \\$aunmediated$2rdamedia
=338  \\$avolume$2rdacarrier
=595  \\$aSEE 2020.73905.
=852  41$aBritish Library$bHMNTS$3Volume 56(1999)-
=852  41$aBritish Library$bDSC$j2016.530000
=883  0\$aLanguage codes assigned by Bayesian analysis of words present in record$d20210115$qUk$c0.9450
=886  2\$2blmarc$a959
=945  \\$aBIBLIOTECA DEL VIAGGIO IN ITALIA.
=A02  \\$a2309519
=CAT  \\$aCONV$b00$c20040502$lBLL01$h1100
=CAT  \\$aBATCH$b00$c20091205$lBLL01$h2341
=CAT  \\$aWR12-140$c20121031$lBLL01$h1344
=CAT  \\$aWR13.005$c20130323$lBLL01$h1528
=CAT  \\$a8197$b40$c20140911$lBLL01$h1401
=CAT  \\$aW2102-0046$b00$c20210423$lBLL01$h1754
=FIN  \\$aY
=FMT  \\$a  SE
=LAS  \\$aW2102-0046$b00$c20210423$lBLL01$h1754
=LEO  \\$aMP10.0000097030
=SRC  \\$aDSS01$bbibmp10.200404.2.aa
=STA  \\$aSUPPRESSED$bDSC Serial X-REF
=TCO  \\$aZZZ$c008

