=LDR  01684 as a22004693  4500
=001  005421512
=003  Uk
=005  20210423175426.0
=008  040409u||||||||fr\a|\p|||\\\\0\\\|0fre\\
=019  c\$a2034766
=040  \\$aUk$cUk
=245  00$aBibliothèque de l'école des hautes études. Sciences historiques et philologiques.
=260  \\$aParis :$bChampion.
=336  \\$atext$2rdacontent
=337  \\$aunmediated$2rdamedia
=338  \\$avolume$2rdacarrier
=595  \\$aSEE 2020.35.
=852  41$aBritish Library$bHMNTS$3Tome 343-Tome 347 (2011)
=852  41$aBritish Library$bDSC$j2020.403500
=883  0\$aLanguage codes assigned by Bayesian analysis of words present in record$d20210115$qUk$c0.9450
=886  2\$2blmarc$a959
=945  \\$aBIBLIOTHEQUE- ECOLE DES HAUTES ETUDES IV SECTION SCIENCES HISTORIQUES ET PHILOLOGIQUES.
=A02  \\$a2034766
=CAT  \\$aCONV$b00$c20040502$lBLL01$h1100
=CAT  \\$a3053$b40$c20050909$lBLL01$h1159
=CAT  \\$aBATCH$b00$c20091205$lBLL01$h2341
=CAT  \\$aWR10_148$b40$c20101107$lBLL01$h2039
=CAT  \\$aWR10_163$b40$c20101121$lBLL01$h1624
=CAT  \\$aWR10_148$b40$c20101121$lBLL01$h1628
=CAT  \\$a9665$b40$c20110908$lBLL01$h1245
=CAT  \\$aWR12-140$c20121031$lBLL01$h1344
=CAT  \\$aWR13.005$c20130323$lBLL01$h1528
=CAT  \\$aW2102-0046$b00$c20210423$lBLL01$h1754
=CFI  2\$aCurrent copyright fee: GBP4.20$c0$e01-apr-1997$fGBP4.20$g0$hA$5Uk
=FIN  \\$aY
=FMT  \\$a  SE
=LAS  \\$aW2102-0046$b00$c20210423$lBLL01$h1754
=LEO  \\$aMP10.0000097572
=MIS  \\$aSO
=SRC  \\$aDSS01$bbibmp10.200404.2.aa
=STA  \\$aSUPPRESSED$bDSC Serial X-REF
=TCO  \\$aZZZ$c008

