=LDR  01289 as a22003973  4500
=001  005443391
=003  Uk
=005  20070301104413.0
=008  040409c19uu9999fr\uu\m|||\\\\0\\\a0eng\\
=019  c\$a2582994
=040  \\$aUk$cUk
=245  00$aDIFFERENT ASPECTS OF ISLAMIC CULTURE.
=260  \\$aParis$bUNESCO Publishing
=336  \\$atext$2rdacontent
=337  \\$aunmediated$2rdamedia
=338  \\$avolume$2rdacarrier
=595  \\$aSEE BOOK CATALOGUE.
=852  41$aBritish Library$bHMNTS$3V.4(2001)-v. 5 (2003)
=852  41$aBritish Library$bDSC$j3584.108000
=886  2\$2blmarc$a959
=945  \\$aDIFFERENT ASPECTS OF ISLAMIC CULTURE.
=A02  \\$a2582994
=CAT  \\$aCONV$b00$c20040502$lBLL01$h1101
=CAT  \\$a10926$b40$c20070228$lBLL01$h1618
=CAT  \\$a7164$b40$c20070301$lBLL01$h1044
=CAT  \\$aBATCH$b00$c20091205$lBLL01$h2349
=CAT  \\$aWR13.005$c20130329$lBLL01$h1209
=CAT  \\$aW1711-1225$c20171203$lBLL01$h1011
=CFI  2\$aCurrent copyright fee: GBP4.40$c0$e07-jul-1999$fGBP4.40$g0$hA$5Uk
=FIN  \\$aY
=FMT  \\$a  SE
=LAS  \\$aW1711-1225$b00$c20171203$lBLL01$h1011
=LEO  \\$aMP10.0000187827
=SRC  \\$aDSS01$bbibmp10.200404.2.aa
=STA  \\$aSUPPRESSED$bunable to determine reason for suppression
=TCO  \\$aFRA$bCFC$c008

