=LDR  01466 as a22004333  4500
=001  005444289
=003  Uk
=005  20210423175717.0
=008  040409u||||||||fi\a|\p|||\\\\0\\\|0swe\\
=019  c\$a2511612
=040  \\$aUk$cUk
=245  00$aDISSERTATIONS- ABO AKADEMI.
=336  \\$atext$2rdacontent
=337  \\$aunmediated$2rdamedia
=338  \\$avolume$2rdacarrier
=595  \\$aSEE BOOK CATALOGUE.
=852  41$aBritish Library$bHMNTS
=852  41$aBritish Library$bDSC$j3598.934000
=883  0\$aLanguage codes assigned by Bayesian analysis of words present in record$d20210115$qUk$c0.9450
=945  \\$aDISSERTATIONS- ABO AKADEMI.
=A02  \\$a2511612
=ACF  \\$aCurrent copyright fee: GBP4.20$c0$e01-apr-1997$fGBP4.20$g0$hA$5Uk
=CAT  \\$aCONV$b00$c20040502$lBLL01$h1101
=CAT  \\$aBATCH$b00$c20091205$lBLL01$h2350
=CAT  \\$a8874$b40$c20100607$lBLL01$h0706
=CAT  \\$aWR12-140$c20121031$lBLL01$h1349
=CAT  \\$aBATCH-CLA$b00$c20121102$lBLL01$h1753
=CAT  \\$aWR13.005$c20130329$lBLL01$h1209
=CAT  \\$aW2102-0046$b00$c20210423$lBLL01$h1757
=CFI  2\$aCurrent copyright fee: GBP4.40$c0$e01-jul-1998$fGBP4.40$g0$hA$5Uk
=FIN  \\$aY
=FMT  \\$a  SE
=LAS  \\$aW2102-0046$b00$c20210423$lBLL01$h1757
=LEO  \\$aMP10.0000191896
=MIS  \\$ak-sep
=SRC  \\$aDSS01$bbibmp10.200404.2.aa
=SRC  \\$aDSS02$bbibh.200404.2.aa
=STA  \\$aSUPPRESSED$bDSC Serial X-REF
=TCO  \\$aFIN$bKopiosto$c008

