=LDR  01374 as a22004093  4500
=001  005550494
=003  Uk
=005  20210423181003.0
=008  040410u|||||||||||a|\p|||\\\\0\\\|0eng\\
=019  c\$a2605618
=040  \\$aUk$cUk
=245  00$aWBI LEARNING RESOURCES SERIES.
=336  \\$atext$2rdacontent
=337  \\$aunmediated$2rdamedia
=338  \\$avolume$2rdacarrier
=595  \\$aSEE BOOK CATALOGUE.
=852  41$aBritish Library$bHMNTS
=852  41$aBritish Library$bDSC$j9281.054500
=883  0\$aLanguage codes assigned by Bayesian analysis of words present in record$d20210115$qUk$c0.9450
=945  \\$aWBI LEARNING RESOURCES SERIES.
=985  \\$aRecord merged by DQ team
=A02  \\$a2605618
=CAT  \\$aCONV$b00$c20040502$lBLL01$h1103
=CAT  \\$a8874$b40$c20090604$lBLL01$h0918
=CAT  \\$aBATCH$b00$c20091206$lBLL01$h0030
=CAT  \\$aWR13.005$c20130322$lBLL01$h1915
=CAT  \\$aW1711-1225$c20171203$lBLL01$h1011
=CAT  \\$aW2102-0046$b00$c20210423$lBLL01$h1810
=CFI  2\$aCurrent copyright fee: GBP4.40$c0$e01-jun-2001$fGBP4.40$g0$hA$5Uk
=FIN  \\$aY
=FMT  \\$a  SE
=LAS  \\$aW2102-0046$b00$c20210423$lBLL01$h1810
=LEO  \\$aMP10.0000607068
=SRC  \\$aDSS02$bbibh.200404.2.aa
=SRC  \\$aDSS01$bbibmp10.200404.2.aa
=STA  \\$aSUPPRESSED$bunable to determine reason for suppression
=TCO  \\$aZZZ$c008

