=LDR  00940 as a22002773  4500
=001  005569691
=003  Uk
=005  20171203101400.0
=008  040417m\\\\\\\\|||a|||||||||||||||0und\\
=245  00$aRICHARD BEATON CATALOGUE
=336  \\$atext$2rdacontent
=337  \\$aunmediated$2rdamedia
=338  \\$avolume$2rdacarrier
=852  41$aBritish Library$bHMNTS$jS. C. Beaton$3Cats. 39, 41, 44-51, 54, 56, 58-59 61-64, 66-70, 73-74, 78-82, 84 -
=852  41$aBritish Library$bHMNTS
=A02  \\$a1088744$z88744
=CAT  \\$aCONV$b00$c20040502$lBLL01$h1107
=CAT  \\$aBATCH$b00$c20091206$lBLL01$h0037
=CAT  \\$aBATCH$b00$c20091213$lBLL01$h2347
=CAT  \\$aBATCH$b00$c20091216$lBLL01$h0024
=CAT  \\$aW1711-1225$c20171203$lBLL01$h1014
=FMT  \\$a  SE
=LAS  \\$aW1711-1225$b00$c20171203$lBLL01$h1014
=SRC  \\$aDSS04$bbibld.200404.2.aa
=STA  \\$aSUPPRESSED$bunable to determine reason for suppression
=TCO  \\$aZZZ$c008

