=LDR  02826cas a2200745 a 4500
=001  005570292
=003  Uk
=005  20221231161912.0
=008  040417m19899999enk\x\p\\\\\\\0\\\a0eng\\
=019  1\$ar7315559
=019  c\$a2543083
=040  \\$aUk$cUk
=110  2\$aKeats House.$bFriends.
=245  10$aNewsletter.
=260  \\$aLondon :$bThe Friends,$c1989-
=336  \\$atext$2rdacontent
=337  \\$aunmediated$2rdamedia
=338  \\$avolume$2rdacarrier
=362  0\$aNo.1 (1989)-
=540  \\$aCurrent Copyright Fee: GBP25.00$c0$5Uk
=600  14$aKeats, John,$d1795-1821.
=650  \0$aEnglish poetry$y19th century.
=852  41$aBritish Library$bHMNTS$jZA.9.d.315$3No.1 (1989)-
=852  41$aBritish Library$bHMNTS
=886  2\$2blmarc$a092$b00$a6107.307795n
=945  \\$aNEWSLETTER- FRIENDS OF KEATS HOUSE HAMPSTEAD.
=957  \\$a960524d
=963  \\$aNO. 1, 1989- *A=1$bN$cU
=979  \\$aBritish Library$bDSC$j6107.307795N
=A02  \\$a2543083$z69476
=ACF  \\$aPrevious copyright fee: GBP12.00$c0$e01-jan-2012$fGBP12.00$g0$hA$5Uk
=ACF  \\$aPrevious Copyright Fee: GBP12.30$c0$e01-jan-2014$fGBP12.30$g0$hA$5Uk
=ACF  \\$aPrevious Copyright Fee: GBP15.00$c0$e01-jan-2017$fGBP15.00$g0$hA$5Uk
=ACF  \\$aPrevious Copyright Fee: GBP17.50$c0$e01-jan-2018$fGBP17.50$g0$hA$5Uk
=ACF  \\$aPrevious Copyright Fee: GBP20.00$c0$e01-jan-2020$fGBP20.00$g0$hA$5Uk
=CAT  \\$aCONV$b00$c20040502$lBLL01$h1107
=CAT  \\$aBATCH$b00$c20091206$lBLL01$h0037
=CAT  \\$aBATCH$b00$c20091213$lBLL01$h2347
=CAT  \\$aBATCH$b00$c20091216$lBLL01$h0025
=CAT  \\$a8483$b40$c20160622$lBLL01$h1415
=CAT  \\$a8483$b40$c20160715$lBLL01$h1013
=CAT  \\$aBATCH-CLA$b00$c20161222$lBLL01$h1603
=CAT  \\$aIPL-CLA$c20161230$lBLL01$h1522
=CAT  \\$aW1711-1225$c20171203$lBLL01$h1014
=CAT  \\$aBATCH-CLA$b00$c20171222$lBLL01$h1851
=CAT  \\$aIPL-CLA$c20171231$lBLL01$h1110
=CAT  \\$aBATCH-CLA$b00$c20191219$lBLL01$h1523
=CAT  \\$aIPL-CLA$c20191231$lBLL01$h1530
=CAT  \\$aR2001-1524$c20200127$lBLL01$h1908
=CAT  \\$aBATCH-CLA$b00$c20201204$lBLL01$h1309
=CAT  \\$aIPL-CLA$c20201231$lBLL01$h1656
=CAT  \\$aBATCH-CLA$b00$c20221221$lBLL01$h1605
=CAT  \\$aIPL-CLA$c20221231$lBLL01$h1619
=CFI  0\$aCurrent Copyright Fee: GBP25.00$c0$e01-jan-2023$fGBP25.00$g0$hA$5Uk
=CFI  2\$aPrevious Copyright Fee: GBP22.50$c0$e01-jan-2021$fGBP22.50$g0$hA$5Uk
=FIN  \\$aY
=FMT  \\$a  SE
=LAS  \\$aIPL-CLA$b00$c20221231$lBLL01$h1619
=LEO  \\$aMP13.0001218006
=LEO  \\$aMP10.0000402668
=SRC  \\$aHSS01$bbibmp13.200404.2.ab
=SRC  \\$aDSS01$bbibmp10.200404.2.aa
=SRC  \\$aDSS04$bbibld.200404.2.aa
=STA  \\$aSUPPRESSED$bunable to determine reason for suppression
=TCO  \\$aZZZ$c008

