=LDR  00889 as a22002773  4500
=001  005571227
=003  Uk
=005  20171203101400.0
=008  040417m\\\\\\\\|||a|||||||||||||||0und\\
=245  00$aNON-NHS PROVIDERS - (ENGLAND & WALES)
=336  \\$atext$2rdacontent
=337  \\$aunmediated$2rdamedia
=338  \\$avolume$2rdacarrier
=852  41$aBritish Library$bHMNTS$jBS. 17/417.$31996
=852  41$aBritish Library$bHMNTS
=A02  \\$a1077898$z77898
=CAT  \\$aCONV$b00$c20040502$lBLL01$h1108
=CAT  \\$aBATCH$b00$c20091206$lBLL01$h0037
=CAT  \\$aBATCH$b00$c20091213$lBLL01$h2348
=CAT  \\$aBATCH$b00$c20091216$lBLL01$h0025
=CAT  \\$aW1711-1225$c20171203$lBLL01$h1014
=FMT  \\$a  SE
=LAS  \\$aW1711-1225$b00$c20171203$lBLL01$h1014
=SRC  \\$aDSS04$bbibld.200404.2.aa
=STA  \\$aSUPPRESSED$bunable to determine reason for suppression
=TCO  \\$aZZZ$c008

