=LDR  01540 am a2200361 a 4500
=001  016680166
=003  Uk
=005  20140404131017.0
=008  000909s1902\\\\ii\\\\\\\\\\\\000\0\tam\d
=035  \\$a(OCoLC)44976034
=040  \\$aCGU$beng$cCGU$dOCLCQ$dUk
=042  \\$aukblsr
=100  1\$aKavirācapaṇṭitar, Vīrai,$dactive 15th-16th century.
=245  10$aVīraiyilamarntirunta Kavirājapaṇṭitar aruḷicceyta Ān̲antalakari, Cauntariyalakari mūlapāṭam /$cik̲atu mukkiya kur̲ippuraiyuṭan̲ Cen̲n̲ai Ū. Puṣparataceṭṭi aṇṭu Kampen̲iyārāl ... patippikkappaṭṭatu.
=246  16$aĀn̲antalakari
=260  \\$aCen̲n̲ai :$bŪ. Puṣparataceṭṭi aṇṭu Kampen̲i,$c1902.
=300  \\$a53 p. ;$c15 cm.
=336  \\$atext$btxt$2rdacontent
=337  \\$aunmediated$bn$2rdamedia
=338  \\$avolume$bnc$2rdacarrier
=546  \\$aTamil translation in verse, of Śaṅkaracārya's Saundaryalahari and Ānandalahari, with notes by Ū. Puṣparata Ceṭṭiyār.
=600  00$aŚaṅkarācārya.$tSaundaryalahari$lTamil.
=700  1\$aPuṣparata Ceṭṭiyār, Ū.
=852  41$aBritish Library$bOC
=852  41$aBritish Library$bOC$jTam.B.541
=CAT  \\$a8803$b40$c20140404$lBLL01$h1310
=CAT  \\$aBATCH-UPD$b40$c20150709$lBLL01$h1310
=CAT  \\$aW1711-1225$c20171203$lBLL01$h1055
=FIN  \\$aY$d20140404
=FMT  \\$a  BK
=LAS  \\$aW1711-1225$b00$c20171203$lBLL01$h1055
=SID  \\$aZ39$bOCLC
=STA  \\$aSUPPRESSED$bunable to determine reason for suppression

