=LDR  01287 am a2200373 a 4500
=001  016681536
=003  Uk
=005  20140407142919.0
=008  070918s1917\\\\ii\\\\\\\\\\\\000\0\tam\d
=020  \\$cAn. 1
=035  \\$a(OCoLC)172984113
=040  \\$aIN-ChRMR$cSACAT$dOCLCA$dUk
=042  \\$aukblsr
=082  0\$a181.45
=100  0\$aVivekananda,$cSwami,$d1863-1902.
=245  10$aKarmayōkattin̲ rakasyam /$cśrīmat Vivēkānanta Cuvāmikaḷ.
=250  \\$a1. patippu.
=260  \\$aCivakaṅkai :,$c1917$bCivakaṅkai Śrī rāmakiruṣṇa Vivēkānanta Vētānta Caṅkattār$f(Śrī Kalā Accukkūṭam)
=300  \\$a10 p. ;$c22 cm.
=336  \\$atext$2rdacontent
=337  \\$aunmediated$2rdamedia
=338  \\$avolume$2rdacarrier
=500  \\$aTamil translation of the speech delivered in the United States of America in the year 1900
=546  \\$aIn Tamil.
=650  \0$aYoga, Karma
=852  41$aBritish Library$bOC
=852  41$aBritish Library$bOC$jpTam.D.617
=CAT  \\$a8803$b40$c20140407$lBLL01$h1429
=CAT  \\$aW1711-1225$c20171203$lBLL01$h1055
=FIN  \\$aY$d20140407
=FMT  \\$a  BK
=LAS  \\$aW1711-1225$b00$c20171203$lBLL01$h1055
=SID  \\$aZ39$bOCLC
=STA  \\$aSUPPRESSED$bunable to determine reason for suppression

