=LDR  02962 am a22005537i 4500
=001  017106324
=003  Uk
=005  20151023104859.0
=008  101120s2010\\\\ja\|||||||||||||||||jpn|d
=020  \\$a9784091434388(1) :$c1600円+税
=020  \\$a9784091434494(2) :$c1800円+税
=020  \\$a9784091434661(3) :$c1700円+税
=020  \\$a9784091434784(4) :$c1800円+税
=020  \\$a9784091434869(5) :$c1800円+税
=035  \\$a(JP-ToKJK)BB03888027
=040  \\$aJP-ToKJK$beng$dUk$erda
=041  0\$ajpn
=042  \\$aukblderived
=245  00$6880-01$aDaichōhen doraemon.
=264  \1$6880-02$aTōkyō :$bShōgakukan,$c-2010
=300  \\$avolumes ;$c21cm.
=336  \\$atext$btxt$2rdacontent
=337  \\$aunmediated$bn$2rdamedia
=338  \\$avolume$bnc$2rdacarrier
=490  0\$6880-03$aFujiko F fujio daizenshū ;$vFZ-021-FZ-025
=505  0\$6880-04$tNobita no kyōryū --$tNobita no uchū kaihatsushi --$tNobita no daimakyō --$tNobita no kaitei kiganjō --$tNobita no makai daibōken --$tNobita no ritoru sutāwhōzu --$tNobita to tetsujinheidan --$tNobita to ryū no kishi --$tNobita no nippon tanjō --$tNobita to animaru puranetto --$tNobita no dorabian naito --$tNobita to kumo no ōkoku --$tNobita to buriki no rabirinsu --$tNobita to mugen sankenshi.
=700  1\$6880-05$aFujiko, F. Fujio.
=852  41$aBritish Library$bOC
=852  41$aBritish Library$bOC$jJPN.2011.a.20/2
=880  \0$6490-03$a藤子・F・不二雄大全集 / 藤子・F・不二雄著$vFZ-021-FZ-025
=880  00$6245-01$a大長編ドラえもん /$c藤子・F・不二雄著.
=880  00$6505-04$gのび太の恐竜.$t1--$tのび太の宇宙開拓史--$tのび太の大魔境 --$gのび太の海底鬼岩城.$t2--$tのび太の魔界大冒険--$tのび太の宇宙小戦争(リトルスターウォーズ) --$gのび太と鉄人兵団.$t3--$tのび太と竜の騎士 --$gのび太の日本誕生.$t4--$tのび太とアニマル惑星(プラネット)--$tのび太のドラビアンナイト --$gのび太と雲の王国.$t5--$tのび太とブリキの迷宮(ラビリンス)--$tのび太と夢幻三剣士.
=880  \4$6650-00$a漫画.
=880  1\$6700-05$a藤子, F. 不二雄(1933-1996)
=880  \1$6264-02$a東京 :$b小学館,$c2010-
=985  \\$aMulti-matched on shelfmark to:016227234,015728393
=985  \\$aDuplicate? - potential match with existing BLL01 record
=CAT  \\$aWR15_005$b00$c20150310$lBLL01$h1745
=CAT  \\$aBATCH-UPD$b00$c20150310$lBLL01$h1746
=CAT  \\$aBATCH$b00$c20150310$lBLL01$h1812
=CAT  \\$aWR15_005$c20150310$lBLL01$h1820
=CAT  \\$a11693$b40$c20151023$lBLL01$h1048
=CAT  \\$aW1707-0052$c20170703$lBLL01$h1930
=CAT  \\$aW1711-1225$c20171203$lBLL01$h1056
=FIN  \\$aY$d20150310
=FMT  \\$a  BK
=LAS  \\$aW1711-1225$b00$c20171203$lBLL01$h1056
=SRC  \\$aNACSIS$bd-multi852rda.lex
=STA  \\$aSUPPRESSED$bunable to determine reason for suppression

