=LDR  03222 am a22008417a 4500
=001  017374407
=003  Uk
=005  20161122072926.0
=008  040902m20049999ja\a\\\\\\\\\\001\0\jpn\d
=040  \\$aYUS$beng$cYUS$dOCLCG$dWTU$dOCLCF$dOCLCQ
=042  \\$aukblderived
=043  \\$aa-ja---
=050  \4$aDS822.2$b.C487 2004
=245  00$6880-01$aChōhōki shiryō shūsei /$cNagatomo Chiyoji hen.
=336  \\$atext$2rdacontent
=336  \\$atext$btxt$2rdacontent
=337  \\$aunmediated$2rdamedia
=337  \\$aunmediated$bn$2rdamedia
=338  \\$avolume$2rdacarrier
=338  \\$avolume$bnc$2rdacarrier
=852  41$aBritish Library$bOC
=852  41$aBritish Library$bOC$jJPN.2015.a.204
=852  41$aBritish Library$bOC$jJPN.2015.a.206
=852  41$aBritish Library$bOC$jJPN.2015.a.209
=852  41$aBritish Library$bOC$jJPN.2015.a.210
=852  41$aBritish Library$bOC$jJPN.2015.a.213
=852  41$aBritish Library$bOC$jJPN.2015.a.214
=852  41$aBritish Library$bOC$jJPN.2015.a.215
=852  41$aBritish Library$bOC$jJPN.2015.a.216
=852  41$aBritish Library$bOC$jJPN.2015.a.217
=852  41$aBritish Library$bOC$jJPN.2015.a.223
=852  41$aBritish Library$bOC$jJPN.2015.a.224
=852  41$aBritish Library$bOC$jJPN.2015.a.227
=852  41$aBritish Library$bOC$jJPN.2015.a.202
=852  41$aBritish Library$bOC$jJPN.2015.a.203
=852  41$aBritish Library$bOC$jJPN.2015.a.207
=852  41$aBritish Library$bOC$jJPN.2015.a.208
=852  41$aBritish Library$bOC$jJPN.2015.a.211
=852  41$aBritish Library$bOC$jJPN.2015.a.212
=852  41$aBritish Library$bOC$jJPN.2015.a.218
=852  41$aBritish Library$bOC$jJPN.2015.a.221
=852  41$aBritish Library$bOC$jJPN.2015.a.222
=852  41$aBritish Library$bOC$jJPN.2015.a.226
=852  41$aBritish Library$bOC$jJPN.2015.a.225
=852  41$aBritish Library$bOC$jJPN.2015.a.236
=852  41$aBritish Library$bOC$jJPN.2015.a.229
=852  41$aBritish Library$bOC$jJPN.2015.a.231
=852  41$aBritish Library$bOC$jJPN.2015.a.237
=852  41$aBritish Library$bOC$jJPN.2015.a.219
=852  41$aBritish Library$bOC
=852  41$aBritish Library$bOC$jJPN.2015.a.197
=852  41$aBritish Library$bOC$jJPN.2015.a.198
=852  41$aBritish Library$bOC$jJPN.2015.a.199
=852  41$aBritish Library$bOC$jJPN.2015.a.205
=852  41$aBritish Library$bOC$jJPN.2015.a.220
=852  41$aBritish Library$bOC$jJPN.2015.a.228
=852  41$aBritish Library$bOC$jJPN.2015.a.230
=852  41$aBritish Library$bOC$jJPN.2015.a.232
=852  41$aBritish Library$bOC$jJPN.2015.a.233
=852  41$aBritish Library$bOC$jJPN.2015.a.234
=852  41$aBritish Library$bOC$jJPN.2015.a.238
=852  41$aBritish Library$bOC
=852  \\$aBritish Library$bOC
=880  00$6245-01$a重宝記資料集成 /$c長友千代治編.
=880  1\$6700-06$a長友千代治,$d1936-
=CAT  \\$a13812$b40$c20150528$lBLL01$h0919
=CAT  \\$aBATCH-UPD$b40$c20150528$lBLL01$h0919
=CAT  \\$a11693$b40$c20161109$lBLL01$h1008
=CAT  \\$a11693$b40$c20161122$lBLL01$h0729
=FMT  \\$a  BK
=LAS  \\$a11693$b40$c20161122$lBLL01$h0729
=SID  \\$aZ39$bOCLC
=STA  \\$aSUPPRESSED$bPreliminary Record

