=LDR  01748cas a22004453a 4500
=001  015308884
=003  Uk
=005  20201127182741.0
=008  870701n\\\\\\\\ja\|||||||||||||||||jpn|d
=016  7\$aBN01014935$2JP-ToKJK
=040  \\$aNII
=041  \\$ajpn$aund
=245  00$6880-01$aJinbutsu sōsho.
=250  \\$a新装版.
=260  \\$a東京 :$b吉川弘文館.
=336  \\$atext$2rdacontent
=337  \\$aunmediated$2rdamedia
=338  \\$avolume$2rdacarrier
=700  1\$6880-02$aNihon Rekishi Gakkai.
=852  41$aBritish Library$bOC$j16236.d.(...)$3No. 1-Bessatsu: Hito to kotoba(2020)***Items received after 27/01/2021 shelved as monographs with individual shelfmarks
=852  41$aBritish Library$bOC$3Items received after 27/01/2021 shelved as monographs with individual shelfmarks
=880  00$6245-01/{dollar}1$a人物叢書 /$c日本歴史学会編.
=880  00$6245-01/{dollar}1$aジンブツ ソウショ.
=880  1\$6700-02/{dollar}1$a日本歴史学会.
=883  0\$aLanguage codes assigned by Bayesian analysis of words present in record$d20201028$qUk$c0.9010
=985  \\$aUpgraded by BSS-generated file for WR2011-1472
=CAT  \\$a2717$b40$c20090708$lBLL01$h1159
=CAT  \\$a11693$b40$c20121123$lBLL01$h1207
=CAT  \\$a11693$b40$c20121126$lBLL01$h1033
=CAT  \\$a11693$b40$c20121212$lBLL01$h1600
=CAT  \\$a11693$b40$c20121212$lBLL01$h1601
=CAT  \\$aBATCH-UPD$b40$c20150526$lBLL01$h1510
=CAT  \\$aW1711-1225$c20171203$lBLL01$h1034
=CAT  \\$a14984$b40$c20181123$lBLL01$h1119
=CAT  \\$aW2011-1472$b00$c20201127$lBLL01$h1827
=FMT  \\$a  SE
=LAS  \\$aW2011-1472$b00$c20201127$lBLL01$h1827
=SID  \\$aZ39$bNACSIS
=STA  \\$aSUPPRESSED$bAcquisitions use only
=TCO  \\$aZZZ$c008

