=LDR  02735cas a22006377  4500
=001  014509320
=003  Uk
=005  20110207142452.0
=007  ta
=008  040417c20089999enkar\p\\\\\\\0\\\a0eng\\
=040  \\$aUk$cUk$dUk
=110  1\$aGreat Britain.$bParliament.
=245  10$aCm. (2008)-. [LSR].
=246  1\$iCommonly known as:$aCommand papers
=260  \\$aLondon :$bH.M.S.O.
=300  \\$av. ;$c30 cm.
=310  \\$aIrregular
=336  \\$atext$2rdacontent
=337  \\$aunmediated$2rdamedia
=338  \\$avolume$2rdacarrier
=500  \\$a"Presented to Parliament ... by command of Her Majesty."
=500  \\$aDescription based on: 1486.
=500  \\$aLatest issue consulted: 3607, published in 1997.
=530  \\$aAlso issued on microfiche in two separate series: Great Britain. Parliament. House of Commons. Cm; and: Great Britain. Parliament. House of Lords. CM.
=540  \\$aCurrent copyright fee: zero$c0$5Uk
=581  \\$aYoung, Stephen E. "'By command of Her Majesty': an introduction to the Command papers of the United Kingdom." Law Library Journal, 92 (winter 2000), p. 81-90.
=595  \\$aSee Official Publications DSC for issues prior to items on system
=650  \0$aGovernment publications$zGreat Britain$vPeriodicals.
=651  \0$aGreat Britain$xPolitics and government$vPeriodicals.
=710  1\$aGreat Britain.$bParliament.
=852  41$aBritish Library$bHMNTS$jBS.Ref.1$3(2008)- no. 9260 (2016)***Title now taken as electronic copy
=852  \\$aBritish Library$bHMNTS
=852  41$aBritish Library$bDSC$jOP-CM/
=945  \\$aCOMMAND PAPERS CM.
=959  \\$fHeld but not currently received
=985  \\$aDQ DO NOT MERGE - LARGE SERIAL RECORD
=ACF  \\$aCurrent copyright fee: GBP4.20$c0$e01-apr-1997$fGBP4.20$g0$hA$5Uk
=CAT  \\$a10932$b40$c20080130$lBLL01$h1245
=CAT  \\$a9599$b40$c20080131$lBLL01$h0939
=CAT  \\$a7233$b40$c20080528$lBLL01$h1041
=CAT  \\$a7233$b40$c20080602$lBLL01$h1443
=CAT  \\$aCDS-UPD$b40$c20100304$lBLL01$h1712
=CAT  \\$a7233$b40$c20110207$lBLL01$h1424
=CAT  \\$aBATCH-UPD$b40$c20121030$lBLL01$h1027
=CAT  \\$aBATCH-UPD$b40$c20121030$lBLL01$h1031
=CAT  \\$aBATCH-CLA$b00$c20121109$lBLL01$h1723
=CAT  \\$aWR13.005$c20130323$lBLL01$h1317
=CAT  \\$aBATCH-UPD$b00$c20150406$lBLL01$h0236
=CFI  0\$aCurrent copyright fee: zero$c0$e15-jan-1999$fGBP0.00$g0$hZ$5Uk
=CFI  2\$aCurrent copyright fee: GBP4.40$c0$e01-jul-1998$fGBP4.40$g0$hA$5Uk
=EXP  \\$aX
=FMT  \\$a  SE
=LAS  \\$aBATCH-UPD$b00$c20150406$lBLL01$h0236
=LKR  \\$aPAR$b007211810$lBLL01$mCm. (2008)-. [LSR].$nCm. (1986)-(2007). [LSR].
=STA  \\$aSUPPRESSED$bLarge Serial Record
=TCO  \\$aCLA$bCLA$c008

