=LDR  01074cam a22003373  4500
=001  014769003
=003  Uk
=005  20180703173647.0
=008  081002s2008\\\\enk\\\\j\\\\\\000\0\eng\\
=016  7\$a014769003$2Uk
=020  \\$a9780762433094 (cased) :$cNo price
=245  00$aDanny Dozer and the haunted house.
=260  \\$bRunning Press,$c2008.
=300  \\$a1 v.
=336  \\$atext$2rdacontent
=337  \\$aunmediated$2rdamedia
=338  \\$avolume$2rdacarrier
=490  \0$aJohn Deere
=852  41$aBritish Library$bHMNTS$jCLE.5/2006-
=852  41$aBritish Library$bHMNTS$jEMC.2023.a.300
=852  \\$aBritish Library$bHMNTS
=CAT  \\$aBATCH-ALDL$b00$c20081003$lBLL01$h0923
=CAT  \\$a8479$b40$c20090206$lBLL01$h1157
=CAT  \\$aWR16_021$c20160622$lBLL01$h1809
=CAT  \\$aW1711-1225$c20171203$lBLL01$h1031
=CAT  \\$aW1806-2088$c20180703$lBLL01$h1736
=FMT  \\$a  BK
=LAS  \\$aW1806-2088$b00$c20180703$lBLL01$h1736
=LDO  \\$aALDL$bHB$c20080819$d4966048
=SRC  \\$aALDL
=STA  \\$aSUPPRESSED$bunable to determine reason for suppression

